3059 4809
785 359 903 422 192
1314 352 1779 445 AENEIDOS
1840 350 2139 417 LfflER
2183 353 2281 413 ΙΙ.
2556 362 2719 406 wm-

780 494 927 558 Visa
956 491 1114 554 mihi
1145 504 1297 553 ante
1329 488 1583 567 ocuIOS,
1621 503 1687 552 ct
1713 502 1871 563 nota
1904 489 2113 571 major
2137 488 2395 573 imago.·

779 635 1137 720 Obstupui,
1176 648 1630 720 steteruntque
1661 656 1897 711 comae,
1934 648 2000 695 et
2030 656 2158 697 vox
2188 632 2475 697 faucibus
2504 630 2685 694 haesit.

772 780 934 839 Tum
966 775 1056 839 sic
1084 773 1265 836 affari
1285 821 1302 850 ‚
1336 788 1402 836 et
1434 797 1618 837 curas
1648 774 1747 837 his
1778 774 2038 837 demere
2069 772 2300 836 dictis:

778 942 806 971 α
834 912 1010 996 Quid
1039 926 1290 975 tantum
1319 911 1547 975 insano
1568 914 1755 996 juvat
1783 911 2121 999 indulgere
2152 911 2402 990 dolori,

777 1053 835 1115 Ο
868 1048 1071 1112 dulcis
1102 1050 1382 1132 conjux?
1412 1072 1551 1113 non
1582 1050 1717 1113 haec
1748 1050 1887 1114 sine
1918 1050 2189 1114 numine
2218 1049 2439 1114 divum

771 1188 1095 1252 Eveniunt
1127 1212 1143 1250 ε
1170 1202 1390 1257 necte
1420 1187 1575 1251 hinc
1607 1188 1911 1251 comitem
1941 1204 2273 1274 asportare
2309 1188 2601 1251 Creusam

771 1327 921 1404 Fas,
957 1341 1067 1389 aut
1095 1324 1204 1389 ille
1235 1325 1387 1389 sinit
1417 1325 1635 1413 superi
1667 1341 1980 1412 regnator
2008 1325 2302 1413 Olympi.

771 1468 992 1549 Longa
1021 1463 1140 1528 tibi
1172 1463 1383 1527 exsilia
1407 1510 1424 1541 ,
1465 1480 1531 1528 et
1562 1480 1811 1529 vastum
1842 1464 2034 1528 maris
2064 1486 2289 1548 aequor
2317 1462 2646 1527 arandum:

771 1605 852 1665 Et
882 1617 1124 1664 terram
1157 1601 1535 1687 Hesperiam
1567 1602 1788 1667 venies
1811 1650 1829 1681 ,
1864 1603 1981 1667 ubi
2006 1602 2275 1688 Lydius,
2311 1624 2460 1667 arva
2476 1602 2529 1641 ⁴⁸

770 1743 950 1803 Inter
981 1738 1196 1824 opima
1227 1738 1440 1802 virum
1460 1786 1477 1817 ,
1514 1738 1649 1803 leni
1679 1740 1820 1803 fluit
1850 1741 2107 1827 agmine
2136 1742 2437 1829 Thybris.

768 1876 908 1940 Illic
933 1898 1040 1941 res
1069 1875 1260 1954 laetae,
1295 1898 1738 1963 regnumque,
1768 1892 1833 1941 et
1861 1876 2037 1963 regia
2068 1879 2305 1963 conjux

769 2015 964 2074 Parta
993 2011 1113 2075 tibi
1140 2036 1155 2074 z
1183 2012 1497 2098 lacrymas
1525 2012 1779 2077 dilectae
1806 2013 1975 2101 pelle
2004 2015 2285 2078 Creusae.

768 2151 916 2211 Non
944 2170 1066 2235 ego
1095 2149 1578 2235 Myrmidonum
1608 2152 1789 2215 sedes
1819 2152 2230 2239 Dolopumve
2260 2152 2558 2237 superbas

765 2289 1129 2376 Adspiciam
1149 2336 1166 2367 ,
1194 2306 1304 2353 aut
1333 2290 1547 2355 Graiis
1574 2292 1884 2356 servitum
1915 2293 2231 2356 matribus
2258 2292 2369 2356 ibo
2390 2338 2407 2367 ‚

765 2430 1115 2509 DardaniS,
1148 2446 1213 2494 et
1243 2430 1406 2495 divae
1434 2430 1706 2495 Veneris
1734 2452 1938 2494 nurus
1962 2455 1998 2493 z·

767 2568 898 2632 Sed
927 2590 1029 2633 me
1060 2591 1291 2655 magna
1318 2568 1511 2633 deum
1545 2568 1837 2655 genetrix
1870 2568 1969 2633 his
1997 2568 2247 2631 detinet
2277 2568 2410 2632 oris
2425 2566 2501 2630 ⁴⁹.

761 2706 1034 2789 Jamque
1066 2705 1207 2769 vale
1229 2753 1246 2784 ,
1284 2720 1349 2769 et
1381 2706 1514 2768 nati
1542 2729 1725 2771 serva
1754 2706 2112 2771 communis
2141 2665 2453 2769 amorem.
2483 2734 2511 2763 ι

763 2842 915 2904 Haec
943 2843 1057 2906 ubi
1085 2843 1254 2907 dicta
1287 2843 1498 2922 dedit,
1539 2844 2005 2930 lacrymantem
2036 2859 2101 2908 et
2130 2843 2334 2907 multa
2366 2844 2660 2909 volentem

762 2981 997 3044 Dicere
1027 2982 1311 3046 deseruit
1329 3029 1348 3060 ‚
1382 2997 1739 3067 tenuesque
1770 2981 2034 3045 recessit
2062 2981 2131 3045 in
2162 3002 2368 3045 auras.

762 3122 888 3182 Ter
919 3132 1188 3182 conatus
1216 3118 1306 3181 ibi
1342 3118 1512 3181 collo
1541 3118 1695 3181 dare
1726 3116 1987 3180 brachia
2018 3117 2300 3181 circum:

763 3261 889 3320 Ter
919 3257 1154 3321 frustra
1185 3279 1565 3345 comprensa
1596 3279 1823 3320 manus
1855 3257 2084 3343 effugit
2110 3258 2354 3344 imagO,

764 3396 892 3455 Par
919 3393 1170 3458 levibus
1200 3395 1410 3459 ventis
1429 3441 1446 3472 ,
1483 3392 1864 3480 volucrique
1895 3394 2213 3459 simillima
2248 3418 2497 3460 somno.

841 3849 948 3913 Sic
978 3849 1238 3915 demum
1269 3852 1474 3917 socios
1492 3902 1509 3933 ,
1544 3871 1927 3942 consumpta
1955 3870 2184 3933 nocte,
2226 3855 2461 3919 revis0.

749 3987 961 4071 Atque
989 3987 1096 4051 hic
1127 3988 1458 4074 ingentem
1489 3992 1799 4057 comitum
1826 3992 2141 4056 affluxisse
2170 4014 2491 4057 novorum
