3059 4809
740 446 862 507 264
1213 443 1675 506 AENmnos
1735 407 2026 506 LIBE‘R
2071 443 2208 506 111.
2509 459 2554 491 v.
2578 441 2678 488 661·

741 573 1087 654 Postquam
1110 569 1273 632 altos
1296 569 1508 654 tetigit
1529 568 1759 631 fluctus
1779 615 1796 646 ,
1823 583 1890 630 et
1911 567 1991 631 ad
2011 589 2271 654 aequora
2293 570 2475 634 venit
2493 615 2510 647 ,

740 705 1021 769 Luminis
1042 705 1252 769 effossi
1273 705 1540 768 fluidum
1561 705 1717 769 lavit
1737 704 1886 768 inde
1908 728 2205 770 cruorem
2224 755 2241 785 ‚

741 842 1059 907 Dentibus
1074 843 1449 907 infrendens
1471 843 1713 930 gemitu
1733 869 1748 922 3
1779 843 2196 930 graditurque
2217 867 2340 930 per
2360 867 2579 932 aequor

738 984 879 1043 Jam
900 981 1183 1061 medium
1199 1028 1217 1060 ,
1242 981 1521 1045 necdum
1544 982 1773 1044 fluctus
1794 981 1996 1045 latera
2019 981 2218 1046 ardua
2239 945 2458 1046 tinxit.

740 1121 868 1181 Nos
892 1118 1121 1204 procul
1147 1120 1299 1184 inde
1319 1121 1534 1206 fugam
1555 1121 1793 1207 trepidi
1815 1121 2094 1185 celerare
2115 1169 2132 1199 ‚
2158 1137 2426 1207 recepto

746 1256 1049 1340 Supplice
1069 1304 1088 1335 ,
1115 1257 1204 1320 sic
1225 1258 1459 1354 merito
1480 1284 1496 1333 3
1528 1257 1832 1344 tacitique
1853 1257 2139 1321 incidere
2159 1257 2382 1321 funem
2410 1281 2429 1319 τ

742 1389 1071 1454 Verrimus
1093 1407 1158 1455 et
1178 1390 1371 1477 proni
1393 1373 1790 1455 certantibus
1811 1414 2070 1476 aequora
2093 1391 2306 1456 remis,

746 1525 995 1602 Sensit,
1024 1539 1090 1589 et
1111 1526 1190 1589 ad
1215 1529 1496 1590 sonitum
1518 1529 1693 1592 vocis
1713 1529 1978 1614 vestigia
2002 1529 2211 1592 torsit.

743 1663 983 1725 Verum
1008 1663 1317 1748 ubitnulla
1338 1665 1528 1728 datur
1552 1665 1774 1728 dextra
1798 1666 2099 1729 affectare
2126 1681 2440 1751 potestaS,

744 1801 873 1862 Nec
895 1802 1065 1884 potis
1087 1804 1303 1867 Ionios
1324 1804 1554 1866 fluctus
1575 1769 1826 1888 aequare
1849 1805 2177 1890 sequendo
2197 1849 2218 1882 ,

748 1935 1111 2004 Clamorem
1131 1941 1512 2005 immensum
1536 1943 1707 2005 tollit
1725 1991 1742 2021 ‚
1771 1967 1901 2028 quo
1929 1959 2168 2029 pontus
2195 1960 2261 2008 et
2284 1925 2524 2009 omnes

743 2075 1143 2140 Intremuere
1166 2081 1353 2142 undae
1376 2082 1762 2167 penitusque
1786 2083 2090 2145 exterrita
2114 2045 2304 2147 tellus

742 2209 937 2272 Italiae
956 2259 973 2289 ‚
1002 2215 1341 2300 curvisque
1369 2217 1686 2303 immugiit
1711 2223 1898 2282 AEtna
1919 2222 2230 2284 cavernis·

745 2348 826 2410 At
849 2369 1049 2433 genus
1071 2373 1106 2413 e
1129 2351 1301 2415 silvis
1325 2353 1685 2438 Cyclopum
1705 2371 1770 2418 et
1790 2358 2122 2420 montibus
2143 2358 2290 2422 altis

747 2487 1036 2551 Excitum
1062 2490 1193 2552 ruit
1215 2491 1295 2554 ad
1317 2507 1547 2577 portus
1561 2541 1577 2570 ,
1609 2507 1673 2556 et
1694 2495 1914 2558 littora
1938 2497 2292 2582 complent.

749 2625 1088 2691 Cernimus
1114 2629 1431 2695 adstantes
1452 2633 1879 2719 nequicquam
1902 2635 2144 2699 lumine
2165 2651 2358 2700 torvo

746 2753 1021 2828 AEtnaeos
1042 2767 1272 2832 fratres
1290 2816 1307 2847 ‚
1336 2769 1499 2832 coelo
1523 2772 1729 2855 capita
1741 2757 1880 2834 ⁴alta
1898 2773 2179 2836 ferentes
2200 2821 2218 2851 ,
2320 2763 2338 2778 '¹

750 2898 1114 2966 Concilium
1134 2905 1536 2970 horrendum
1564 2932 1580 2969 ε
1612 2909 1831 2993 quales
1855 2931 2000 2972 cum
2023 2910 2262 2974 vertice
2287 2877 2454 2975 celso

744 3037 946 3102 Aeriae
970 3062 1243 3125 quercus
1265 3058 1375 3108 aut
1397 3044 1698 3114 coniferae
1721 3045 2023 3131 cyparissi

749 3179 1229 3259 Constiterant,
1258 3183 1413 3247 silva
1436 3183 1560 3246 alta
1580 3188 1618 3247 J
1623 3186 1762 3249 ovis
1780 3234 1796 3266 ,
1824 3186 2084 3250 lucusve
2107 3187 2350 3250 Dianae.

830 3771 1203 3859 Praecipites
1229 3788 1436 3838 metus
1459 3795 1606 3837 acer
1628 3775 1760 3861 agit
1782 3797 2192 3861 quocumque
2214 3774 2521 3838 rudentes

740 3912 1057 3974 Excutere
1079 3959 1095 3991 ‚
1124 3927 1190 3975 et
1214 3911 1422 3975 ventis
1443 3911 1784 3976 intendere
1806 3912 1947 3976 vela
1971 3911 2286 3974 secundis,

742 4049 986 4113 Contra
1002 4098 1019 4128 ,
1048 4051 1213 4134 jussa
1240 4017 1510 4142 monent
1535 4051 1766 4116 Heleni
1789 4051 2068 4138 Scyllam
2087 4065 2286 4150 atque
2308 4029 2682 4136 Charybdim
