3059 4809
599 425 729 490 220
1070 425 1544 488 AENEIDOS
1601 425 1896 487 LIBELR
1941 426 2080 488 111.
2387 440 2436 473 v.
2467 425 2575 475 ¹65-

599 553 884 617 OEnotri
915 550 1175 616 coluere
1207 552 1333 617 viri
1352 576 1377 615 .:
1404 574 1584 616 nunc
1613 552 1780 615 fama
1809 554 2096 616 minores

592 691 839 755 ltaliam
872 691 1134 770 dixisse,
1172 691 1353 754 ducis
1380 690 1467 754 de·
1490 692 1758 756 nomine
1779 738 1797 769 ‚
1836 706 2097 777 gentem
2119 691 2172 732 ¹⁶
2198 717 2215 755 ε

592 809 706 894 Hae'
733 829 925 894 nobis
951 830 1234 918 propriae
1265 829 1486 908 sedes;
1521 829 1676 894 hinc
1704 829 2053 894 Dardanus
2075 845 2260 894 ortus
2276 879 2295 910 ‚

590 969 915 1055 lasiusque
940 984 1152 1056 pater,
1188 991 1392 1056 genus
1420 991 1457 1032 a
1491 992 1624 1055 quo
1651 968 2298 1056 principe-nostrum.

594 1105 804 1192 Surge
824 1151 843 1184 ,
876 1128 993 1192 age
1012 1151 1031 1185 ,
1068 1121 1135 1170 et
1162 1105 1299 1170 haec
1328 1105 1511 1168 loetus
1543 1104 1840 1191 longaevo
1869 1103 2042 1167 dicta
2070 1104 2330 1190 parenti

588 1241 776 1306 Haud
805 1241 1161 1306 dubitanda
1191 1244 1369 1305 refer
1402 1265 1418 1304 ε
1457 1241 1779 1328 Corytum
1811 1255 2159 1328 terrasque·
2177 1242 2558 1329 requiram-⁷-

586 1380 922 1444 Ausonias.
957 1381 1199 1445 Dictaea
1226 1393 1423 1466 negat
1458 1379 1578 1444 tibi
1607 1379 1868 1467 Jupiter
1903 1401 2082 1444 arva.
2111 1409 2143 1438 n

675 1518 933 1581 Talibus
963 1518 1278 1582 attonitus
1308 1517 1458 1583 visis
1487 1540 1563 1582 ac
1589 1539 1750 1583 voce
1780 1517 2055 1582 deorum

587 1656 760 1742 (Nec
788 1678 987 1742 sopor
1016 1655 1179 1722 illud
1205 1671 1343 1721 erat
1361 1703 1381 1735 ,
1415 1656 1529 1720 sed
1560 1678 1781 1720 coram
1813 1677 2164 1742 agnoscere
2192 1656 2424 1721 vultus

590 1793 975 1879 velatasque
1004 1816 1217 1858 comas
1236 1841 1254 1872 ‚
1288 1795 1759 1881 praesentiaque
1789 1815 1906 1858 ora
1930 1792 2202 1859 videbar
2221 1817 2240 1855 ε

589 1937 753 1996 Tum
782 1932 1030 2020 gelidus
1058 1947 1201 1996 toto
1230 1933 1534 1996 manahat
1563 1953 1845 2020 corpore
1874 1930 2140 2017 sudor),

593 2067 897 2153 Corripio
930 2090 966 2131 e
996 2069 1215 2133 stratis
1246 2092 1482 2157 corpus
1503 2116 1521 2147 ‚
1555 2066 1885 2154 tendoque
1913 2065 2170 2154 supinas

591 2203 692 2267 Ad
723 2202 955 2267 coelum
988 2226 1133 2268 cum
1163 2227 1324 2268 voce
1350 2227 1579 2268 manus
1596 2253 1615 2284 ‚
1652 2219 1718 2269 et
1751 2225 2022 2268 munera
2047 2202 2196 2266 libo·

589 2347 980 2410 Intemerata
1011 2346 1193 2410 focis·
1230 2346 1532 2411 Perfecto
1565 2346 1748 2411 laetus
1775 2347 2029 2410 honore
2050 2392 2072 2423 ,

586 2485 910 2549 Anchisen
943 2485 1108 2550 facio
1140 2501 1390 2550 certum
1411 2533 1431 2565 ,
1462 2507 1734 2572 remque
1764 2485 2007 2549 ordine-
2027 2482 2266 2570 pando.

589 2624 877 2709 Agnovit
901 2624 1155 2712 prolem
1185 2625 1552 2712 ambiguam
1585 2623 2014 2711 geminosque
2034 2634 2334 2709 parentes
2352 2666 2378 2697 ,.

590 2764 805 2847 Seque
833 2785 1010 2827 novo
1040 2777 1334 2827 veterum
1366 2761 1713 2849 deceptum
1745 2781 1972 2824 errore
1999 2757 2322 2822 locorum.

592 2907 756 2966 Tum
783 2918 1103 2967 memorat
1134 2926 1150 2966 ε
1184 2931 1213 2960 α
1239 2906 1400 2968 Nate
1423 2951 1440 2982 ,
1474 2903 1684 2967 Iliacis
1716 2900 2000 2964 exercite
2029 2899 2176 2964 fatis
2195 2947 2218 2977 ,

591 3038 742 3104 Sola
774 3039 934 3103 mihi
965 3040 1122 3104 tales
1152 3064 1331 3105 casus
1363 3040 1722 3106 Cassandra
1755 3039 2052 3103 canebat.

588 3185 774 3244 Nunc
803 3197 1034 3268 repeto
1063 3182 1198 3248 haec
1230 3183 1459 3269 generi·
1484 3180 1884 3269 portendere
1913 3179 2136 3243 debita
2163 3192 2390 3242 nostro

586 3321 667 3381 Et
699 3342 863 3406 saepe
896 3297 1302 3408 Hesperiam,
1340 3343 1506 3408 saepe
1538 3321 1697 3385 Itala
1724 3343 1922 3406 regna
1941 3366 1958 3397 ‚
1994 3341 2251 3383 vocare.

588 3459 718 3522 Sed
750 3460 894 3544 quis
923 3459 1004 3524 ad
1034 3461 1357 3549 Hesperiae
1388 3475 1702 3525 venturos
1728 3460 1952 3523 littora
1979 3464 2269 3523 Teucros

586 3597 947 3662 Crederet?
977 3615 1091 3664 aut
1112 3571 1312 3687 'quem
1346 3616 1487 3666 tum
1514 3617 1692 3664 vates
1729 3599 2084 3664 Cassandra
2115 3597 2453 3662 moveret?

588 3735 906 3800 Cedamus
934 3737 1185 3802 Phoebo
1204 3787 1220 3816 ,
1258 3755 1324 3803 et
1354 3740 1588 3805 moniti
1618 3738 1886 3803 meliora
1917 3757 2280 3824 sequamur.
2313 3763 2343 3793 n

675 3956 782 4020 Sic
812 3957 904 4019 ait
930 3982 946 4021 ε
974 3973 1040 4022 et
1064 3959 1281 4024 cuncti
1315 3959 1493 4024 dicto
1522 3979 1826 4046 paremus
1855 3970 2150 4022 ovantes·

586 4099 767 4159 Hanc
797 4119 1060 4183 quoque
1092 4097 1443 4163 deserimus
1471 4097 1688 4162 sedem
1707 4143 1722 4174 ,
1761 4095 2108 4186 paucisque
2138 4091 2380 4156 relictis
