<?xml version="1.0" encoding="UTF-8"?>
<!DOCTYPE html PUBLIC "-//W3C//DTD XHTML 1.0 Transitional//EN"
    "http://www.w3.org/TR/xhtml1/DTD/xhtml1-transitional.dtd">
<html xmlns="http://www.w3.org/1999/xhtml" xml:lang="en" lang="en">
 <head>
  <title>
</title>
<meta http-equiv="Content-Type" content="text/html;charset=utf-8" />
  <meta name='ocr-system' content='tesseract 3.04.00' />
  <meta name='ocr-capabilities' content='ocr_page ocr_carea ocr_par ocr_line ocrx_word'/>
</head>
<body>
  <div class='ocr_page' id='page_1' title='image "./oeuvresdedelill02virggoog_0090.png"; bbox 0 0 3059 4809; ppageno 0'>
   <div class='ocr_carea' id='block_1_1' title="bbox 671 422 2636 493">
    <p class='ocr_par' dir='ltr' id='par_1_1' title="bbox 671 422 2636 493">
     <span class='ocr_line' id='line_1_1' title="bbox 671 422 2636 493; baseline -0.005 0"><span class='ocrx_word' id='word_1_1' title='bbox 671 432 750 493; x_wconf 79' lang='lat'><strong>8⁴2</strong></span> <span class='ocrx_word' id='word_1_2' title='bbox 1183 425 1661 489; x_wconf 88' lang='lat' dir='ltr'><strong>AENEIDOS</strong></span> <span class='ocrx_word' id='word_1_3' title='bbox 1721 423 2016 486; x_wconf 86' lang='lat' dir='ltr'>LIBER</span> <span class='ocrx_word' id='word_1_4' title='bbox 2064 426 2116 484; x_wconf 90' lang='grc' dir='ltr'><strong>Ι.</strong></span> <span class='ocrx_word' id='word_1_5' title='bbox 2222 448 2225 453; x_wconf 94' lang='grc'>-</span> <span class='ocrx_word' id='word_1_6' title='bbox 2450 422 2636 483; x_wconf 59' lang='grc' dir='ltr'><strong>ν.379-</strong></span> 
     </span>
    </p>
   </div>
   <div class='ocr_carea' id='block_1_2' title="bbox 611 552 2507 2040">
    <p class='ocr_par' dir='ltr' id='par_1_2' title="bbox 665 552 2267 941">
     <span class='ocr_line' id='line_1_2' title="bbox 667 552 2267 660; baseline -0.004 -19"><span class='ocrx_word' id='word_1_7' title='bbox 667 582 797 641; x_wconf 92' lang='lat' dir='ltr'><strong>Nos</strong></span> <span class='ocrx_word' id='word_1_8' title='bbox 825 578 1015 659; x_wconf 87' lang='lat' dir='ltr'><strong>Troja</strong></span> <span class='ocrx_word' id='word_1_9' title='bbox 1045 576 1307 660; x_wconf 89' lang='lat' dir='ltr'><strong>antiqua</strong></span> <span class='ocrx_word' id='word_1_10' title='bbox 1329 623 1346 653; x_wconf 89' lang='lat'><strong>,</strong></span> <span class='ocrx_word' id='word_1_11' title='bbox 1375 575 1427 639; x_wconf 90' lang='lat' dir='ltr'><strong>si</strong></span> <span class='ocrx_word' id='word_1_12' title='bbox 1460 590 1701 639; x_wconf 83' lang='lat' dir='ltr'><strong>vestras</strong></span> <span class='ocrx_word' id='word_1_13' title='bbox 1729 575 1899 637; x_wconf 88' lang='lat' dir='ltr'><strong>forte</strong></span> <span class='ocrx_word' id='word_1_14' title='bbox 1931 594 2051 660; x_wconf 89' lang='lat' dir='ltr'><strong>per</strong></span> <span class='ocrx_word' id='word_1_15' title='bbox 2073 552 2267 636; x_wconf 72' lang='lat' dir='ltr'><strong>⁸aures</strong></span> 
     </span>
     <span class='ocr_line' id='line_1_3' title="bbox 665 713 2256 800; baseline -0.004 -19"><span class='ocrx_word' id='word_1_16' title='bbox 665 718 871 799; x_wconf 85' lang='lat' dir='ltr'><strong>Trojae</strong></span> <span class='ocrx_word' id='word_1_17' title='bbox 902 738 1142 779; x_wconf 90' lang='lat' dir='ltr'><strong>nomen</strong></span> <span class='ocrx_word' id='word_1_18' title='bbox 1170 713 1245 778; x_wconf 91' lang='lat' dir='ltr'><strong>iit</strong></span> <span class='ocrx_word' id='word_1_19' title='bbox 1265 761 1283 793; x_wconf 91' lang='lat'><strong>,</strong></span> <span class='ocrx_word' id='word_1_20' title='bbox 1317 713 1568 778; x_wconf 86' lang='lat' dir='ltr'><strong>diversa</strong></span> <span class='ocrx_word' id='word_1_21' title='bbox 1597 737 1718 800; x_wconf 90' lang='lat' dir='ltr'><strong>per</strong></span> <span class='ocrx_word' id='word_1_22' title='bbox 1745 736 2005 800; x_wconf 85' lang='lat' dir='ltr'><strong>aequora</strong></span> <span class='ocrx_word' id='word_1_23' title='bbox 2034 728 2256 776; x_wconf 85' lang='lat' dir='ltr'><strong>vectos</strong></span> 
     </span>
     <span class='ocr_line' id='line_1_4' title="bbox 666 838 2129 941; baseline -0.004 -22"><span class='ocrx_word' id='word_1_24' title='bbox 666 861 861 920; x_wconf 83' lang='lat' dir='ltr'>Forte</span> <span class='ocrx_word' id='word_1_25' title='bbox 893 877 1003 919; x_wconf 90' lang='lat' dir='ltr'><strong>sua</strong></span> <span class='ocrx_word' id='word_1_26' title='bbox 1031 854 1284 941; x_wconf 81' lang='lat' dir='ltr'><strong>Libycis</strong></span> <span class='ocrx_word' id='word_1_27' title='bbox 1315 867 1659 939; x_wconf 81' lang='lat' dir='ltr'><strong>tempestas</strong></span> <span class='ocrx_word' id='word_1_28' title='bbox 1692 838 1942 939; x_wconf 84' lang='lat' dir='ltr'><strong>appulit</strong></span> <span class='ocrx_word' id='word_1_29' title='bbox 1976 852 2129 915; x_wconf 89' lang='lat' dir='ltr'><strong>oris.</strong></span> 
     </span>
    </p>

    <p class='ocr_par' dir='ltr' id='par_1_3' title="bbox 611 990 2507 2040">
     <span class='ocr_line' id='line_1_5' title="bbox 611 990 2327 1080; baseline -0.003 -22"><span class='ocrx_word' id='word_1_30' title='bbox 611 1060 618 1067; x_wconf 77' lang='grc'><em>,</em></span> <span class='ocrx_word' id='word_1_31' title='bbox 664 997 822 1059; x_wconf 89' lang='lat' dir='ltr'><strong>Sum</strong></span> <span class='ocrx_word' id='word_1_32' title='bbox 853 995 997 1080; x_wconf 92' lang='lat' dir='ltr'><strong>pius</strong></span> <span class='ocrx_word' id='word_1_33' title='bbox 1029 996 1258 1057; x_wconf 86' lang='lat' dir='ltr'><strong>AEneas</strong></span> <span class='ocrx_word' id='word_1_34' title='bbox 1278 1036 1296 1069; x_wconf 92' lang='lat'><strong><em>‚</em></strong></span> <span class='ocrx_word' id='word_1_35' title='bbox 1336 1003 1559 1077; x_wconf 89' lang='lat' dir='ltr'><strong>raptos</strong></span> <span class='ocrx_word' id='word_1_36' title='bbox 1587 991 1701 1077; x_wconf 87' lang='lat' dir='ltr'><strong>qui</strong></span> <span class='ocrx_word' id='word_1_37' title='bbox 1730 1013 1807 1054; x_wconf 87' lang='lat' dir='ltr'><strong>ex</strong></span> <span class='ocrx_word' id='word_1_38' title='bbox 1836 990 2024 1054; x_wconf 88' lang='lat' dir='ltr'><strong>hoste</strong></span> <span class='ocrx_word' id='word_1_39' title='bbox 2051 994 2327 1054; x_wconf 80' lang='lat' dir='ltr'><strong>Penates</strong></span> 
     </span>
     <span class='ocr_line' id='line_1_6' title="bbox 665 1128 2342 1217; baseline -0.004 -22"><span class='ocrx_word' id='word_1_40' title='bbox 665 1132 878 1196; x_wconf 80' lang='lat' dir='ltr'><strong>Classe</strong></span> <span class='ocrx_word' id='word_1_41' title='bbox 905 1133 1072 1197; x_wconf 85' lang='lat' dir='ltr'><strong>veho</strong></span> <span class='ocrx_word' id='word_1_42' title='bbox 1104 1151 1357 1195; x_wconf 91' lang='lat' dir='ltr'><strong>mecum</strong></span> <span class='ocrx_word' id='word_1_43' title='bbox 1378 1179 1397 1207; x_wconf 93' lang='lat'><strong>,</strong></span> <span class='ocrx_word' id='word_1_44' title='bbox 1429 1131 1595 1195; x_wconf 87' lang='lat' dir='ltr'><strong>fama</strong></span> <span class='ocrx_word' id='word_1_45' title='bbox 1626 1152 1821 1217; x_wconf 87' lang='lat' dir='ltr'><strong>super</strong></span> <span class='ocrx_word' id='word_1_46' title='bbox 1851 1128 2089 1193; x_wconf 66' lang='lat' dir='ltr'><strong>aethera</strong></span> <span class='ocrx_word' id='word_1_47' title='bbox 2122 1143 2342 1193; x_wconf 80' lang='lat' dir='ltr'><strong>notus,</strong></span> 
     </span>
     <span class='ocr_line' id='line_1_7' title="bbox 661 1267 2507 1356; baseline -0.003 -24"><span class='ocrx_word' id='word_1_48' title='bbox 661 1269 908 1333; x_wconf 90' lang='lat' dir='ltr'><strong>Italiam</strong></span> <span class='ocrx_word' id='word_1_49' title='bbox 940 1291 1159 1356; x_wconf 80' lang='lat' dir='ltr'><strong>quaero</strong></span> <span class='ocrx_word' id='word_1_50' title='bbox 1189 1269 1498 1356; x_wconf 86' lang='lat' dir='ltr'><strong>patriam,</strong></span> <span class='ocrx_word' id='word_1_51' title='bbox 1534 1283 1600 1331; x_wconf 91' lang='lat' dir='ltr'><strong>et</strong></span> <span class='ocrx_word' id='word_1_52' title='bbox 1630 1288 1831 1353; x_wconf 89' lang='lat' dir='ltr'><strong>genus</strong></span> <span class='ocrx_word' id='word_1_53' title='bbox 1859 1267 1942 1329; x_wconf 89' lang='lat' dir='ltr'><strong>ab</strong></span> <span class='ocrx_word' id='word_1_54' title='bbox 1969 1270 2134 1331; x_wconf 86' lang='lat' dir='ltr'><strong>Jove</strong></span> <span class='ocrx_word' id='word_1_55' title='bbox 2166 1288 2415 1329; x_wconf 91' lang='lat' dir='ltr'><strong>summo</strong></span> <span class='ocrx_word' id='word_1_56' title='bbox 2445 1290 2463 1326; x_wconf 75' lang='grc' dir='ltr'><strong><em>ε</em></strong></span> <span class='ocrx_word' id='word_1_57' title='bbox 2502 1313 2507 1317; x_wconf 86' lang='grc'>-</span> 
     </span>
     <span class='ocr_line' id='line_1_8' title="bbox 661 1402 2327 1495; baseline -0.004 -23"><span class='ocrx_word' id='word_1_58' title='bbox 661 1408 767 1473; x_wconf 91' lang='lat' dir='ltr'><strong>Bis</strong></span> <span class='ocrx_word' id='word_1_59' title='bbox 797 1409 978 1472; x_wconf 91' lang='lat' dir='ltr'><strong>denis</strong></span> <span class='ocrx_word' id='word_1_60' title='bbox 1009 1408 1365 1495; x_wconf 82' lang='lat' dir='ltr'><strong>Phrygium</strong></span> <span class='ocrx_word' id='word_1_61' title='bbox 1396 1404 1745 1471; x_wconf 85' lang='lat' dir='ltr'><strong>conscendi</strong></span> <span class='ocrx_word' id='word_1_62' title='bbox 1774 1406 2044 1470; x_wconf 84' lang='lat' dir='ltr'><strong>navibus</strong></span> <span class='ocrx_word' id='word_1_63' title='bbox 2074 1402 2292 1491; x_wconf 84' lang='lat' dir='ltr'><strong>aequor</strong></span> <span class='ocrx_word' id='word_1_64' title='bbox 2310 1450 2327 1481; x_wconf 92' lang='lat'><strong>,</strong></span> 
     </span>
     <span class='ocr_line' id='line_1_9' title="bbox 662 1542 2343 1621; baseline -0.002 -14"><span class='ocrx_word' id='word_1_65' title='bbox 662 1549 866 1609; x_wconf 87' lang='lat' dir='ltr'><strong>Matre</strong></span> <span class='ocrx_word' id='word_1_66' title='bbox 895 1545 1016 1609; x_wconf 89' lang='lat' dir='ltr'><strong>dea</strong></span> <span class='ocrx_word' id='word_1_67' title='bbox 1043 1560 1446 1609; x_wconf 81' lang='lat' dir='ltr'><strong>monstrante</strong></span> <span class='ocrx_word' id='word_1_68' title='bbox 1475 1544 1645 1609; x_wconf 83' lang='lat' dir='ltr'><strong>viam</strong></span> <span class='ocrx_word' id='word_1_69' title='bbox 1665 1590 1684 1621; x_wconf 92' lang='lat'>‚</span> <span class='ocrx_word' id='word_1_70' title='bbox 1718 1542 1867 1607; x_wconf 85' lang='lat' dir='ltr'><strong>data</strong></span> <span class='ocrx_word' id='word_1_71' title='bbox 1893 1542 2023 1605; x_wconf 87' lang='lat' dir='ltr'><strong>fata</strong></span> <span class='ocrx_word' id='word_1_72' title='bbox 2052 1557 2343 1615; x_wconf 84' lang='lat' dir='ltr'><strong>secutus;</strong></span> 
     </span>
     <span class='ocr_line' id='line_1_10' title="bbox 660 1679 2358 1769; baseline -0.003 -24"><span class='ocrx_word' id='word_1_73' title='bbox 660 1682 782 1746; x_wconf 77' lang='lat' dir='ltr'><strong>Vix</strong></span> <span class='ocrx_word' id='word_1_74' title='bbox 811 1699 1058 1769; x_wconf 90' lang='lat' dir='ltr'><strong>septem</strong></span> <span class='ocrx_word' id='word_1_75' title='bbox 1087 1681 1409 1747; x_wconf 80' lang='lat' dir='ltr'><strong>convulsae</strong></span> <span class='ocrx_word' id='word_1_76' title='bbox 1440 1682 1631 1745; x_wconf 82' lang='lat' dir='ltr'><strong>undis</strong></span> <span class='ocrx_word' id='word_1_77' title='bbox 1659 1681 1963 1766; x_wconf 85' lang='lat' dir='ltr'><strong>Euroque</strong></span> <span class='ocrx_word' id='word_1_78' title='bbox 1990 1679 2358 1766; x_wconf 86' lang='lat' dir='ltr'><strong>supersunt&#39;.</strong></span> 
     </span>
     <span class='ocr_line' id='line_1_11' title="bbox 660 1816 2275 1904; baseline 0 -25"><span class='ocrx_word' id='word_1_79' title='bbox 660 1821 803 1903; x_wconf 89' lang='lat' dir='ltr'><strong>Ipse</strong></span> <span class='ocrx_word' id='word_1_80' title='bbox 834 1818 1096 1903; x_wconf 90' lang='lat' dir='ltr'><strong>ignotus</strong></span> <span class='ocrx_word' id='word_1_81' title='bbox 1116 1865 1133 1896; x_wconf 92' lang='lat'><strong><em>,</em></strong></span> <span class='ocrx_word' id='word_1_82' title='bbox 1167 1840 1362 1904; x_wconf 87' lang='lat' dir='ltr'><strong>egens</strong></span> <span class='ocrx_word' id='word_1_83' title='bbox 1385 1865 1402 1896; x_wconf 92' lang='lat'><strong><em>,</em></strong></span> <span class='ocrx_word' id='word_1_84' title='bbox 1438 1818 1654 1903; x_wconf 65' lang='lat' dir='ltr'><strong>Libyae</strong></span> <span class='ocrx_word' id='word_1_85' title='bbox 1683 1816 1933 1881; x_wconf 88' lang='lat' dir='ltr'><strong>deserta</strong></span> <span class='ocrx_word' id='word_1_86' title='bbox 1960 1836 2236 1903; x_wconf 85' lang='lat' dir='ltr'><strong>peragro</strong></span> <span class='ocrx_word' id='word_1_87' title='bbox 2258 1864 2275 1893; x_wconf 94' lang='lat'>‚</span> 
     </span>
     <span class='ocr_line' id='line_1_12' title="bbox 660 1952 2457 2040; baseline -0.001 -26"><span class='ocrx_word' id='word_1_88' title='bbox 660 1955 919 2037; x_wconf 86' lang='lat' dir='ltr'><strong>Europa</strong></span> <span class='ocrx_word' id='word_1_89' title='bbox 947 1967 1141 2038; x_wconf 90' lang='lat' dir='ltr'><strong>atque</strong></span> <span class='ocrx_word' id='word_1_90' title='bbox 1173 1953 1318 2017; x_wconf 84' lang='lat' dir='ltr'><strong>Asia</strong></span> <span class='ocrx_word' id='word_1_91' title='bbox 1348 1953 1592 2040; x_wconf 79' lang='lat' dir='ltr'><strong>pulsuS.</strong></span> <span class='ocrx_word' id='word_1_92' title='bbox 1631 1982 1660 2011; x_wconf 70' lang='lat' dir='ltr'><strong>n</strong></span> <span class='ocrx_word' id='word_1_93' title='bbox 1699 1958 1830 2017; x_wconf 91' lang='lat' dir='ltr'><strong>Nec</strong></span> <span class='ocrx_word' id='word_1_94' title='bbox 1860 1952 2048 2040; x_wconf 90' lang='lat' dir='ltr'><strong>plura</strong></span> <span class='ocrx_word' id='word_1_95' title='bbox 2078 1966 2457 2038; x_wconf 88' lang='lat' dir='ltr'><strong>querentem</strong></span> 
     </span>
    </p>
   </div>
   <div class='ocr_carea' id='block_1_3' title="bbox 660 2090 2257 2166">
    <p class='ocr_par' dir='ltr' id='par_1_4' title="bbox 660 2090 2257 2166">
     <span class='ocr_line' id='line_1_13' title="bbox 660 2090 2257 2166; baseline -0.001 -15"><span class='ocrx_word' id='word_1_96' title='bbox 660 2092 848 2151; x_wconf 90' lang='lat' dir='ltr'><strong>Passa</strong></span> <span class='ocrx_word' id='word_1_97' title='bbox 878 2092 1096 2153; x_wconf 89' lang='lat' dir='ltr'><strong>Venus</strong></span> <span class='ocrx_word' id='word_1_98' title='bbox 1116 2136 1132 2166; x_wconf 93' lang='lat'>,</span> <span class='ocrx_word' id='word_1_99' title='bbox 1166 2090 1379 2153; x_wconf 88' lang='lat' dir='ltr'><strong>medio</strong></span> <span class='ocrx_word' id='word_1_100' title='bbox 1413 2092 1503 2154; x_wconf 92' lang='lat' dir='ltr'><strong>sic</strong></span> <span class='ocrx_word' id='word_1_101' title='bbox 1532 2092 1833 2155; x_wconf 86' lang='lat' dir='ltr'><strong>interfata</strong></span> <span class='ocrx_word' id='word_1_102' title='bbox 1862 2090 2089 2154; x_wconf 93' lang='lat' dir='ltr'><strong>dolore</strong></span> <span class='ocrx_word' id='word_1_103' title='bbox 2120 2105 2216 2153; x_wconf 89' lang='lat' dir='ltr'><strong>est</strong></span> <span class='ocrx_word' id='word_1_104' title='bbox 2243 2115 2257 2150; x_wconf 90' lang='lat'>:</span> 
     </span>
    </p>
   </div>
   <div class='ocr_carea' id='block_1_4' title="bbox 655 2412 2661 4017">
    <p class='ocr_par' dir='ltr' id='par_1_5' title="bbox 655 2412 2661 4017">
     <span class='ocr_line' id='line_1_14' title="bbox 753 2412 2661 2501; baseline 0.001 -28"><span class='ocrx_word' id='word_1_105' title='bbox 753 2444 782 2473; x_wconf 70' lang='lat' dir='ltr'><strong>a</strong></span> <span class='ocrx_word' id='word_1_106' title='bbox 822 2415 1130 2501; x_wconf 88' lang='lat' dir='ltr'><strong>Quisquis</strong></span> <span class='ocrx_word' id='word_1_107' title='bbox 1159 2437 1226 2478; x_wconf 92' lang='lat' dir='ltr'><strong>es</strong></span> <span class='ocrx_word' id='word_1_108' title='bbox 1246 2463 1263 2492; x_wconf 94' lang='lat'>‚</span> <span class='ocrx_word' id='word_1_109' title='bbox 1298 2414 1470 2477; x_wconf 87' lang='lat' dir='ltr'><strong>haud</strong></span> <span class='ocrx_word' id='word_1_110' title='bbox 1489 2461 1507 2492; x_wconf 93' lang='lat'>,</span> <span class='ocrx_word' id='word_1_111' title='bbox 1546 2415 1741 2480; x_wconf 89' lang='lat' dir='ltr'><strong>credo</strong></span> <span class='ocrx_word' id='word_1_112' title='bbox 1759 2464 1778 2495; x_wconf 89' lang='lat'>,</span> <span class='ocrx_word' id='word_1_113' title='bbox 1814 2417 2053 2480; x_wconf 86' lang='lat' dir='ltr'><strong>invisus</strong></span> <span class='ocrx_word' id='word_1_114' title='bbox 2080 2412 2441 2478; x_wconf 89' lang='lat' dir='ltr'><strong>coelestibus</strong></span> <span class='ocrx_word' id='word_1_115' title='bbox 2468 2434 2661 2493; x_wconf 85' lang='lat' dir='ltr'><strong>auras</strong></span> 
     </span>
     <span class='ocr_line' id='line_1_15' title="bbox 660 2553 2262 2640; baseline -0.002 -22"><span class='ocrx_word' id='word_1_116' title='bbox 660 2554 900 2618; x_wconf 89' lang='lat' dir='ltr'><strong>Vitales</strong></span> <span class='ocrx_word' id='word_1_117' title='bbox 931 2554 1138 2640; x_wconf 89' lang='lat' dir='ltr'><strong>carpis</strong></span> <span class='ocrx_word' id='word_1_118' title='bbox 1158 2600 1176 2632; x_wconf 85' lang='lat'>,</span> <span class='ocrx_word' id='word_1_119' title='bbox 1213 2554 1470 2639; x_wconf 83' lang='lat' dir='ltr'><strong>Tyriam</strong></span> <span class='ocrx_word' id='word_1_120' title='bbox 1502 2554 1613 2640; x_wconf 93' lang='lat' dir='ltr'><strong>qui</strong></span> <span class='ocrx_word' id='word_1_121' title='bbox 1642 2554 1981 2619; x_wconf 83' lang='lat' dir='ltr'><strong>adveneris</strong></span> <span class='ocrx_word' id='word_1_122' title='bbox 2008 2553 2262 2617; x_wconf 88' lang='lat' dir='ltr'><strong>urbem.</strong></span> 
     </span>
     <span class='ocr_line' id='line_1_16' title="bbox 659 2687 2529 2778; baseline -0.004 -23"><span class='ocrx_word' id='word_1_123' title='bbox 659 2695 870 2778; x_wconf 84' lang='lat' dir='ltr'><strong>Perge</strong></span> <span class='ocrx_word' id='word_1_124' title='bbox 897 2689 1094 2763; x_wconf 88' lang='lat' dir='ltr'><strong>modo</strong></span> <span class='ocrx_word' id='word_1_125' title='bbox 1113 2736 1130 2767; x_wconf 92' lang='lat'><strong><em>,</em></strong></span> <span class='ocrx_word' id='word_1_126' title='bbox 1167 2704 1360 2775; x_wconf 86' lang='lat' dir='ltr'><strong>atque</strong></span> <span class='ocrx_word' id='word_1_127' title='bbox 1389 2689 1541 2754; x_wconf 85' lang='lat' dir='ltr'><strong>hinc</strong></span> <span class='ocrx_word' id='word_1_128' title='bbox 1570 2705 1635 2753; x_wconf 91' lang='lat' dir='ltr'><strong>te</strong></span> <span class='ocrx_word' id='word_1_129' title='bbox 1665 2690 1905 2776; x_wconf 65' lang='lat' dir='ltr'><strong>reginae</strong></span> <span class='ocrx_word' id='word_1_130' title='bbox 1932 2690 2014 2754; x_wconf 93' lang='lat' dir='ltr'><strong>ad</strong></span> <span class='ocrx_word' id='word_1_131' title='bbox 2042 2689 2263 2751; x_wconf 79' lang='lat' dir='ltr'><strong>limina</strong></span> <span class='ocrx_word' id='word_1_132' title='bbox 2288 2687 2529 2774; x_wconf 85' lang='lat' dir='ltr'><strong>perfer.</strong></span> 
     </span>
     <span class='ocr_line' id='line_1_17' title="bbox 659 2824 2349 2913; baseline -0.001 -24"><span class='ocrx_word' id='word_1_133' title='bbox 659 2831 946 2913; x_wconf 88' lang='lat' dir='ltr'><strong>Namque</strong></span> <span class='ocrx_word' id='word_1_134' title='bbox 980 2826 1100 2889; x_wconf 89' lang='lat' dir='ltr'><strong>tibi</strong></span> <span class='ocrx_word' id='word_1_135' title='bbox 1128 2826 1395 2890; x_wconf 87' lang='lat' dir='ltr'><strong>reduces</strong></span> <span class='ocrx_word' id='word_1_136' title='bbox 1429 2827 1635 2890; x_wconf 91' lang='lat' dir='ltr'><strong>socios</strong></span> <span class='ocrx_word' id='word_1_137' title='bbox 1664 2826 2055 2913; x_wconf 83' lang='lat' dir='ltr'><strong>classemque</strong></span> <span class='ocrx_word' id='word_1_138' title='bbox 2084 2824 2349 2889; x_wconf 89' lang='lat' dir='ltr'><strong>relatam</strong></span> 
     </span>
     <span class='ocr_line' id='line_1_18' title="bbox 659 2964 2329 3051; baseline -0.001 -24"><span class='ocrx_word' id='word_1_139' title='bbox 659 2969 907 3031; x_wconf 91' lang='lat' dir='ltr'><strong>Nuncio</strong></span> <span class='ocrx_word' id='word_1_140' title='bbox 926 3015 942 3046; x_wconf 90' lang='lat'>‚</span> <span class='ocrx_word' id='word_1_141' title='bbox 981 2982 1046 3030; x_wconf 91' lang='lat' dir='ltr'><strong>et</strong></span> <span class='ocrx_word' id='word_1_142' title='bbox 1073 2966 1141 3028; x_wconf 90' lang='lat' dir='ltr'><strong>in</strong></span> <span class='ocrx_word' id='word_1_143' title='bbox 1174 2982 1384 3030; x_wconf 86' lang='lat' dir='ltr'><strong>tutum</strong></span> <span class='ocrx_word' id='word_1_144' title='bbox 1416 2967 1617 3030; x_wconf 86' lang='lat' dir='ltr'><strong>versis</strong></span> <span class='ocrx_word' id='word_1_145' title='bbox 1647 2964 2055 3051; x_wconf 90' lang='lat' dir='ltr'><strong>aquilonibus</strong></span> <span class='ocrx_word' id='word_1_146' title='bbox 2088 2979 2291 3027; x_wconf 88' lang='lat' dir='ltr'><strong>actam</strong></span> <span class='ocrx_word' id='word_1_147' title='bbox 2312 3010 2329 3037; x_wconf 86' lang='lat'>‚</span> 
     </span>
     <span class='ocr_line' id='line_1_19' title="bbox 659 3102 2209 3190; baseline -0.002 -25"><span class='ocrx_word' id='word_1_148' title='bbox 659 3102 739 3165; x_wconf 92' lang='lat' dir='ltr'><strong>Ni</strong></span> <span class='ocrx_word' id='word_1_149' title='bbox 764 3103 1001 3168; x_wconf 87' lang='lat' dir='ltr'><strong>frustra</strong></span> <span class='ocrx_word' id='word_1_150' title='bbox 1029 3104 1367 3190; x_wconf 90' lang='lat' dir='ltr'><strong>augurium</strong></span> <span class='ocrx_word' id='word_1_151' title='bbox 1399 3104 1551 3169; x_wconf 85' lang='lat' dir='ltr'><strong>vani</strong></span> <span class='ocrx_word' id='word_1_152' title='bbox 1578 3104 1858 3167; x_wconf 89' lang='lat' dir='ltr'><strong>docuere</strong></span> <span class='ocrx_word' id='word_1_153' title='bbox 1887 3117 2209 3189; x_wconf 77' lang='lat' dir='ltr'><strong>parentes·</strong></span> 
     </span>
     <span class='ocr_line' id='line_1_20' title="bbox 659 3240 2183 3327; baseline -0.001 -22"><span class='ocrx_word' id='word_1_154' title='bbox 659 3240 934 3327; x_wconf 80' lang='lat' dir='ltr'><strong>Adspice</strong></span> <span class='ocrx_word' id='word_1_155' title='bbox 963 3242 1062 3305; x_wconf 91' lang='lat' dir='ltr'><strong>bis</strong></span> <span class='ocrx_word' id='word_1_156' title='bbox 1089 3264 1278 3305; x_wconf 89' lang='lat' dir='ltr'><strong>senos</strong></span> <span class='ocrx_word' id='word_1_157' title='bbox 1303 3241 1595 3305; x_wconf 84' lang='lat' dir='ltr'><strong>laetantes</strong></span> <span class='ocrx_word' id='word_1_158' title='bbox 1624 3241 1879 3327; x_wconf 82' lang='lat' dir='ltr'><strong>agmine</strong></span> <span class='ocrx_word' id='word_1_159' title='bbox 1908 3262 2147 3327; x_wconf 84' lang='lat' dir='ltr'><strong>cycnos</strong></span> <span class='ocrx_word' id='word_1_160' title='bbox 2166 3288 2183 3314; x_wconf 91' lang='lat'>,</span> 
     </span>
     <span class='ocr_line' id='line_1_21' title="bbox 659 3378 2199 3466; baseline 0 -25"><span class='ocrx_word' id='word_1_161' title='bbox 659 3378 959 3442; x_wconf 86' lang='lat' dir='ltr'><strong>AEtherea</strong></span> <span class='ocrx_word' id='word_1_162' title='bbox 987 3403 1152 3466; x_wconf 89' lang='lat' dir='ltr'><strong>quos</strong></span> <span class='ocrx_word' id='word_1_163' title='bbox 1185 3378 1360 3466; x_wconf 88' lang='lat' dir='ltr'><strong>lapsa</strong></span> <span class='ocrx_word' id='word_1_164' title='bbox 1387 3378 1574 3465; x_wconf 85' lang='lat' dir='ltr'><strong>plaga</strong></span> <span class='ocrx_word' id='word_1_165' title='bbox 1602 3380 1781 3443; x_wconf 84' lang='lat' dir='ltr'><strong>Jovis</strong></span> <span class='ocrx_word' id='word_1_166' title='bbox 1810 3378 1939 3441; x_wconf 86' lang='lat' dir='ltr'><strong>ales</strong></span> <span class='ocrx_word' id='word_1_167' title='bbox 1972 3393 2199 3465; x_wconf 90' lang='lat' dir='ltr'><strong>aperto</strong></span> 
     </span>
     <span class='ocr_line' id='line_1_22' title="bbox 659 3517 2172 3603; baseline 0 -22"><span class='ocrx_word' id='word_1_168' title='bbox 659 3517 989 3581; x_wconf 87' lang='lat' dir='ltr'><strong>Turbabat</strong></span> <span class='ocrx_word' id='word_1_169' title='bbox 1017 3518 1180 3583; x_wconf 86' lang='lat' dir='ltr'><strong>coelo</strong></span> <span class='ocrx_word' id='word_1_170' title='bbox 1219 3540 1235 3578; x_wconf 73' lang='grc' dir='ltr'><strong><em>ε</em></strong></span> <span class='ocrx_word' id='word_1_171' title='bbox 1270 3539 1446 3580; x_wconf 88' lang='lat' dir='ltr'><strong>nunc</strong></span> <span class='ocrx_word' id='word_1_172' title='bbox 1476 3531 1685 3581; x_wconf 88' lang='lat' dir='ltr'><strong>terras</strong></span> <span class='ocrx_word' id='word_1_173' title='bbox 1714 3518 1943 3583; x_wconf 88' lang='lat' dir='ltr'><strong>ordine</strong></span> <span class='ocrx_word' id='word_1_174' title='bbox 1972 3518 2172 3603; x_wconf 86' lang='lat' dir='ltr'><strong>longo</strong></span> 
     </span>
     <span class='ocr_line' id='line_1_23' title="bbox 657 3658 2393 3745; baseline -0.001 -25"><span class='ocrx_word' id='word_1_175' title='bbox 657 3659 788 3721; x_wconf 85' lang='lat' dir='ltr'><strong>Aut</strong></span> <span class='ocrx_word' id='word_1_176' title='bbox 819 3677 1047 3742; x_wconf 91' lang='lat' dir='ltr'><strong>capere</strong></span> <span class='ocrx_word' id='word_1_177' title='bbox 1065 3703 1082 3733; x_wconf 89' lang='lat'><strong>,</strong></span> <span class='ocrx_word' id='word_1_178' title='bbox 1117 3672 1228 3721; x_wconf 88' lang='lat' dir='ltr'><strong>aut</strong></span> <span class='ocrx_word' id='word_1_179' title='bbox 1257 3672 1474 3744; x_wconf 88' lang='lat' dir='ltr'><strong>captas</strong></span> <span class='ocrx_word' id='word_1_180' title='bbox 1496 3658 1631 3741; x_wconf 87' lang='lat' dir='ltr'><strong>jam</strong></span> <span class='ocrx_word' id='word_1_181' title='bbox 1662 3658 2036 3745; x_wconf 89' lang='lat' dir='ltr'><strong>despectare</strong></span> <span class='ocrx_word' id='word_1_182' title='bbox 2066 3658 2393 3723; x_wconf 86' lang='lat' dir='ltr'><strong>videntur.</strong></span> 
     </span>
     <span class='ocr_line' id='line_1_24' title="bbox 657 3791 2059 3875; baseline 0.001 -16"><span class='ocrx_word' id='word_1_183' title='bbox 657 3798 743 3859; x_wconf 93' lang='lat' dir='ltr'><strong>Ut</strong></span> <span class='ocrx_word' id='word_1_184' title='bbox 771 3793 1039 3857; x_wconf 89' lang='lat' dir='ltr'><strong>reduces</strong></span> <span class='ocrx_word' id='word_1_185' title='bbox 1067 3791 1162 3855; x_wconf 91' lang='lat' dir='ltr'><strong>illi</strong></span> <span class='ocrx_word' id='word_1_186' title='bbox 1189 3793 1425 3857; x_wconf 89' lang='lat' dir='ltr'><strong>ludunt</strong></span> <span class='ocrx_word' id='word_1_187' title='bbox 1451 3794 1876 3860; x_wconf 89' lang='lat' dir='ltr'><strong>stridentibus</strong></span> <span class='ocrx_word' id='word_1_188' title='bbox 1904 3796 2019 3859; x_wconf 90' lang='lat' dir='ltr'><strong>alis</strong></span> <span class='ocrx_word' id='word_1_189' title='bbox 2040 3844 2059 3875; x_wconf 90' lang='lat'>,</span> 
     </span>
     <span class='ocr_line' id='line_1_25' title="bbox 655 3928 2217 4017; baseline 0.003 -26"><span class='ocrx_word' id='word_1_190' title='bbox 655 3932 736 3993; x_wconf 87' lang='lat' dir='ltr'><strong>Et</strong></span> <span class='ocrx_word' id='word_1_191' title='bbox 767 3944 938 3994; x_wconf 90' lang='lat' dir='ltr'><strong>coetu</strong></span> <span class='ocrx_word' id='word_1_192' title='bbox 969 3928 1226 3992; x_wconf 81' lang='lat' dir='ltr'><strong>cinxere</strong></span> <span class='ocrx_word' id='word_1_193' title='bbox 1252 3930 1474 4017; x_wconf 91' lang='lat' dir='ltr'><strong>polum</strong></span> <span class='ocrx_word' id='word_1_194' title='bbox 1498 3978 1516 4010; x_wconf 91' lang='lat'>,</span> <span class='ocrx_word' id='word_1_195' title='bbox 1552 3948 1909 4017; x_wconf 90' lang='lat' dir='ltr'><strong>cantusque</strong></span> <span class='ocrx_word' id='word_1_196' title='bbox 1943 3932 2217 4008; x_wconf 81' lang='lat' dir='ltr'><strong>dedere3</strong></span> 
     </span>
    </p>
   </div>
   <div class='ocr_carea' id='block_1_5' title="bbox 657 4069 2355 4156">
    <p class='ocr_par' dir='ltr' id='par_1_6' title="bbox 657 4069 2355 4156">
     <span class='ocr_line' id='line_1_26' title="bbox 657 4069 2355 4156; baseline 0.001 -26"><span class='ocrx_word' id='word_1_197' title='bbox 657 4069 840 4133; x_wconf 82' lang='lat' dir='ltr'><strong>Haud</strong></span> <span class='ocrx_word' id='word_1_198' title='bbox 868 4069 1054 4132; x_wconf 89' lang='lat' dir='ltr'><strong>aliter</strong></span> <span class='ocrx_word' id='word_1_199' title='bbox 1083 4090 1459 4155; x_wconf 89' lang='lat' dir='ltr'><strong>puppesque</strong></span> <span class='ocrx_word' id='word_1_200' title='bbox 1492 4087 1616 4133; x_wconf 81' lang='lat' dir='ltr'><strong>tuae</strong></span> <span class='ocrx_word' id='word_1_201' title='bbox 1638 4118 1655 4150; x_wconf 89' lang='lat'><strong>,</strong></span> <span class='ocrx_word' id='word_1_202' title='bbox 1690 4071 2021 4156; x_wconf 89' lang='lat' dir='ltr'><strong>pubesque</strong></span> <span class='ocrx_word' id='word_1_203' title='bbox 2054 4086 2311 4133; x_wconf 86' lang='lat' dir='ltr'><strong>tuorum</strong></span> <span class='ocrx_word' id='word_1_204' title='bbox 2340 4118 2355 4146; x_wconf 91' lang='lat'>,</span> 
     </span>
    </p>
   </div>
  </div>
 </body>
</html>
