3059 4809
664 435 786 497 232
1150 435 1622 498 AENEIDOS
1683 429 1974 496 LIBER
2033 433 2165 494 ΙΙΙ.
2405 451 2450 480 v.
2479 436 2591 494 307·

656 558 848 619 Arma
870 578 1089 620 amens
1110 555 1271 623 vidit
1288 603 1306 634 ‚
1335 557 1584 641 magnis
1605 557 1914 624 exterrita
1933 557 2236 622 monstris
2253 605 2274 634 ,.

658 691 956 778 Deriguit
976 693 1117 756 visu
1140 693 1211 756 in
1231 692 1444 758 medio
1463 717 1481 769 3
1514 693 1692 758 calor
1713 715 1854 757 ossa
1875 692 2163 778 reliquit.

659 829 954 902 Labitur;
988 845 1054 894 et
1081 830 1281 918 longo
1311 834 1419 896 vix
1449 831 1708 895 tandem
1738 845 2033 916 tempore
2058 829 2266 908 fatur:

663 991 691 1020 α
716 966 967 1031 Verane
999 981 1064 1030 te
1098 967 1289 1032 facies
1309 1015 1326 1044 ‚
1355 990 1546 1032 verus
1570 967 1731 1030 mihi
1750 966 2028 1030 nuntius
2057 966 2246 1030 affers
2264 1014 2282 1045 ,

660 1107 819 1168 Nate
840 1104 1001 1168 dea?
1020 1105 1305 1170 vivisne?
1326 1121 1439 1172 aut
1457 1154 1477 1184 ,
1506 1107 1562 1172 si
1581 1106 1693 1172 lux
1715 1106 1882 1172 alma
1906 1106 2167 1172 recessit
2185 1152 2202 1184 ,

660 1245 903 1306 Hector
923 1242 1038 1305 ubi
1058 1242 1193 1306 est?
1216 1269 1249 1302 n
1268 1242 1447 1306 Dixit
1463 1290 1481 1319 ,
1506 1242 1949 1330 lacrymasque
1971 1243 2200 1310 effudit
2215 1289 2232 1316 ‚
2259 1259 2326 1308 et
2347 1266 2610 1324 omnem

658 1380 962 1467 Implevit
988 1380 1271 1445 clamore
1297 1381 1537 1446 locum.
1569 1381 1691 1446 Vix
1721 1403 1922 1468 pauca
1951 1381 2196 1444 furenti

666 1517 951 1602 Subjicio
969 1565 988 1595 ,
1014 1533 1082 1580 et
1112 1518 1274 1580 raris
1302 1518 1600 1582 turbatus
1629 1519 1898 1582 vocibus
1926 1517 2144 1582 hisco:

670 1683 699 1710 a
725 1653 889 1718 Vivo
912 1653 1211 1740 equidem
1224 1701 1244 1733 ,
1272 1654 1597 1740 vitamque
1621 1670 1904 1718 extrema
1927 1674 2048 1740 per
2073 1653 2285 1717 omnia
2308 1653 2499 1717 duco.

672 1792 763 1850 Ne
794 1788 1053 1864 dubita3
1080 1811 1231 1854 nam
1265 1811 1418 1854 vera
1448 1789 1650 1854 vides.

673 1925 846 1985 Heu!
875 1924 1019 2009 quis
1047 1939 1113 1986 te
1140 1947 1315 1988 casus
1342 1925 1656 2009 dejectam
1686 1928 1964 2011 conjuge
1989 1940 2174 1990 tanto
2189 1926 2246 1968 ’ὅ

676 2058 969 2143 Excipit?
991 2073 1101 2122 aut
1128 2082 1269 2144 quae
1296 2059 1487 2147 digna
1516 2061 1667 2124 satis
1694 2061 1954 2125 fortuna
1984 2047 2246 2125 revisit?

679 2195 976 2258 Hectoris
990 2241 1009 2274 ‚
1034 2194 1481 2260 Andromache
1501 2245 1520 2274 ‚
1549 2199 1851 2282 Pyrrhin'
1878 2199 2200 2262 connubia
2221 2199 2474 2262 servas?
2501 2228 2532 2256 n

744 3049 752 3056 ·
779 2957 1031 3040 Dejecit
1054 2960 1299 3024 vultum
1315 3007 1333 3037 ,
1362 2975 1428 3022 et
1450 2959 1717 3024 demissa
1738 2982 1896 3022 voce
1919 2954 2134 3022 locuta
2157 2959 2314 3022 est²⁷
2341 2983 2357 3029 ,³

700 3117 727 3146 α
757 3095 817 3156 Ο
844 3092 995 3156 felix
1024 3117 1150 3158 una
1178 3109 1327 3159 ante
1356 3097 1504 3159 alias
1535 3095 1846 3160 PriameIa
1878 3096 2059 3180 virgo
2083 3141 2098 3170 ‚

697 3201 1009 3296 Hostileni
1042 3234 1122 3297 ad
1155 3233 1473 3298 tumulum
1495 3235 1702 3318 Trojae
1735 3233 1854 3296 sub
1876 3231 2194 3296 moenibus
2217 3229 2364 3292 altis

696 3375 733 3434 J
740 3393 879 3437 ussa
905 3370 1111 3447 mori,
1136 3392 1279 3454 quae
1306 3367 1571 3434 sortitus
1599 3389 1734 3465 non
1766 3364 2036 3452 pertulit
2062 3365 2258 3442 ullos,

701 3507 832 3568 Nec
857 3505 1117 3570 victoris
1142 3502 1284 3566 heri
1312 3502 1527 3587 tetigit
1558 3503 1805 3588 captiva
1837 3502 2084 3565 cubile!

701 3645 831 3704 Nos
846 3688 864 3719 ,
890 3641 1093 3727 patria
1115 3639 1372 3702 incensa
1388 3685 1406 3715 ‚
1432 3636 1683 3700 diversa
1705 3658 1824 3723 per
1845 3658 2101 3723 aequora
2123 3651 2321 3700 vectae
2341 3683 2361 3711 ,

705 3776 936 3861 Stirpis
958 3774 1263 3840 Achilleae
1286 3775 1477 3837 fastus
1493 3821 1511 3852 ,
1531 3778 1968 3859 juvenemque
1990 3773 2338 3860 superbum
2357 3818 2373 3847 ,

708 3913 985 3977 Servitio
1008 3911 1209 3978 enixae
1229 3957 1245 3987 ,
1273 3911 1632 3989 tulimus20,
1661 3912 1772 3998 qui
1795 3912 2058 3989 deinde,
2086 3925 2338 3974 secutus

704 4053 988 4116 Ledaeam
1012 4052 1407 4118 Hermionen
1430 4051 2068 4135 Lacedaemoniosque
2087 4051 2452 4135 hymenaeos
2472 4093 2490 4122 ‚
