3059 4809
755 389 838 449 64
1309 389 1773 451 AENEmOS
1835 391 2130 453 LIBER
2190 394 2243 453 1.

759 526 840 585 Et
863 524 991 588 sale
1021 525 1314 588 tabentes
1339 541 1514 588 artus
1538 526 1609 587 in
1631 524 1854 589 littore
1876 542 2135 612 ponunt
2156 529 2238 589 2⁰.

757 666 849 728 Ac
871 663 1152 750 primum
1183 663 1342 727 silici
1367 663 1712 726 scintillam
1735 663 1992 728 excudit
2017 663 2291 729 Achates
2312 668 2366 707 ²²
2387 715 2405 746 ,

758 800 1180 885 Suscepitque
1203 802 1418 887 ignem
1442 800 1612 863 foliis
1629 847 1644 871 ‚
1673 815 1866 886 atque
1892 801 2069 865 arida
2093 802 2337 866 circum

759 938 1164 1001 Nutrimenta
1185 938 1364 1002 dedit
1381 985 1399 1016 ‚
1426 940 1767 1025 rapuitque
1795 939 1862 1003 in
1885 940 2108 1003 fomite
2130 941 2470 1007 flammam.

755 1080 914 1139 Tum
941 1098 1226 1139 cererem
1252 1092 1627 1163 corruptam
1654 1077 1843 1141 undis
1866 1079 2264 1165 cerealiaque
2291 1102 2463 1143 arma

756 1213 1128 1300 Expediunt
1148 1213 1296 1277 fessi
1322 1234 1542 1277 rerum
1562 1239 1578 1290 3
1607 1213 1953 1301 frugesque
1976 1230 2269 1302 receptas

757 1354 837 1415 Et
871 1367 1121 1416 torrere
1149 1368 1382 1444 parant
1411 1353 1681 1417 flammis
1698 1401 1715 1432 ,
1743 1369 1808 1417 et
1837 1354 2136 1441 frangere
2166 1377 2340 1419 saxo.

836 2786 1071 2849 AEneas
1091 2783 1425 2871 scopulum
1447 2781 1696 2847 interea
1718 2785 2095 2849 conscendit
2112 2833 2128 2864 ‚
2158 2799 2224 2849 et
2246 2808 2503 2851 omnem

753 2924 1174 3011 Prospectum
1197 2922 1325 2987 late
1347 2922 1577 3010 pelago
1600 2922 1801 3009 petit3
1831 2922 2080 2987 Anthea
2102 2925 2155 2987 si
2178 2947 2371 3011 quem

746 3065 1065 3127 ,lactatum
1087 3078 1284 3127 vento
1307 3063 1520 3127 videat
1536 3111 1554 3142 ,
1582 3063 2023 3149 Phrygiasque
2045 3064 2323 3128 biremes
2344 3110 2363 3141 ,

752 3205 880 3266 Aut
905 3202 1130 3290 Capyn
1148 3251 1165 3282 ‚
1193 3217 1301 3265 aut
1324 3202 1506 3267 celsis
1528 3204 1599 3267 in
1621 3198 1951 3290 puppibus
1973 3225 2148 3268 arma
2177 3203 2373 3267 Caici.

750 3347 988 3405 Navem
1011 3341 1078 3405 in
1101 3356 1450 3427 conspectu
1471 3341 1717 3405 nullam
1731 3342 1812 3419 2²,
1840 3358 1971 3405 tres
1991 3332 2214 3406 littore
2242 3362 2465 3405 cervos

750 3477 1070 3565 Prospicit
1090 3493 1380 3543 errantes
1394 3478 1450 3517 2³
1470 3503 1486 3554 3
1516 3477 1635 3540 hos
1658 3492 1795 3542 tota
1823 3495 2114 3543 armenta
2135 3492 2495 3565 sequuntur

744 3618 799 3680 A
826 3634 1044 3703 tergo,
1071 3631 1137 3680 et
1169 3616 1435 3704 longum
1459 3638 1581 3703 per
1606 3616 1803 3681 valles
1834 3618 2115 3705 pascitur
2146 3640 2401 3705 agmen.

745 3758 1054 3825 Constitit
1076 3756 1182 3821 hic
1199 3804 1216 3835 ,
1244 3780 1593 3844 arcumque
1615 3780 1810 3821 manu
1832 3759 2201 3845 celeresque
2226 3758 2484 3845 sagittas

745 3898 1077 3986 Corripuit
1096 3944 1113 3975 ,
1145 3895 1308 3959 fidus
1331 3918 1471 3981 quae
1500 3895 1629 3958 tela
1651 3896 1916 3981 gerebat
1944 3896 2251 3960 Achates:

739 4042 1185 4122 Ductoresque
1212 4035 1383 4121 ipsos
1410 4035 1721 4119 primum,
1754 4036 1963 4121 capita
1993 4036 2122 4099 alta
2146 4036 2429 4099 serentes

2531 408 2586 440 v.
2622 404 2738 448 177·
