3059 4809
793 500 907 566 166
1265 503 1737 567 AENEIDOS
1796 504 2087 567 LIBER
2150 504 2249 565 11.
2535 498 2702 555 *4⁶6-

784 626 1053 691 lncidit=
1081 641 1175 691 ast
1205 626 1312 691 alii
1339 627 1650 704 subeunt;
1678 650 1800 695 nec
1828 650 1975 693 saxa
1994 675 2012 706 ‚
2040 650 2163 693 nec
2192 627 2395 693 uuum

781 764 1082 828 Telorum
1109 764 1354 829 interea
1389 780 1590 828 cessat
1621 788 1843 851 genus·

875 1207 1274 1269 Vestibulum
1297 1222 1446 1270 ante
1468 1207 1677 1292 ipsum
1700 1205 2043 1292 primoque
2064 1206 2133 1269 in
2156 1205 2377 1270 limine
2400 1206 2657 1293 Pyrrhus
2672 1204 2715 1243 ³²

787 1343 1103 1420 Exsultat,
1138 1343 1283 1407 telis
1316 1359 1382 1407 et
1410 1342 1553 1407 luce
1582 1364 1888 1407 coruscus
1918 1344 2159 1407 ahena:

789 1479 1010 1564 Qualis
1040 1480 1152 1543 ubi
1180 1480 1248 1543 in
1277 1478 1485 1543 lucem
1516 1478 1807 1556 coluber,
1844 1478 2008 1543 mala
2038 1480 2329 1566 gramina
2360 1495 2559 1567 pastus

788 1617 1043 1703 Frigida
1075 1618 1193 1681 sub
1223 1632 1396 1681 terra
1428 1618 1745 1681 tumidum
1777 1639 1973 1703 quem
2001 1618 2230 1681 bruma
2262 1618 2545 1705 tegebat,

790 1762 975 1820 Nunc
1005 1757 1227 1843 positis
1256 1779 1463 1821 novus
1492 1756 1769 1834 exuviis),
1804 1754 2173 1841 nitidusque
2195 1757 2465 1838 juventa
2482 1802 2499 1834 ,

792 1894 1065 1958 Lubrica
1092 1894 1711 1959 convolvitsublato
1741 1908 2009 1980 pectore
2041 1907 2219 1978 terga

789 2032 1044 2095 Arduus
1071 2030 1153 2094 ad
1181 2031 1411 2109 solem,
1449 2046 1516 2094 et
1545 2030 1782 2116 linguis
1811 2031 2003 2093 micat
2034 2051 2148 2093 ore
2182 2028 2480 2093 trisulcis.

788 2173 928 2235 Una
956 2168 1184 2255 ingens
1215 2168 1525 2255 Periphas
1545 2216 1561 2243 ,
1600 2185 1664 2232 et
1694 2191 2010 2254 equorum
2040 2168 2318 2255 agitator
2347 2168 2593 2231 Achillis

791 2306 1084 2393 Armiger
1111 2305 1522 2371 Automedon
1540 2352 1557 2384 ,
1598 2328 1721 2369 una
1751 2306 1963 2371 omnis
1992 2305 2214 2391 Scyria
2240 2306 2442 2392 pubes

795 2442 1165 2507 Succedunt
1189 2456 1364 2505 tecto
1383 2488 1400 2518 ‚
1437 2456 1503 2503 et
1531 2441 1813 2505 flammas
1840 2440 1921 2505 ad
1952 2410 2231 2508 culmina
2253 2443 2519 2525 jactant.

792 2585 936 2666 lpse
966 2580 1137 2644 inter
1172 2579 1412 2665 primos
1441 2594 1743 2664 correpta
1774 2578 1935 2643 dura
1960 2578 2232 2665 bipenni

794 2718 1038 2782 Limina
1067 2718 1460 2805 perrumpit,
1495 2733 1840 2804 postesque
1870 2740 1904 2781 a
1936 2717 2195 2781 cardine
2225 2717 2406 2782 vellit

795 2857 1078 2929 AEratos;
1105 2856 1366 2941 jamque
1386 2902 1403 2933 ‚
1441 2856 1647 2919 excisa
1676 2856 1860 2919 trabe
1877 2903 1893 2933 ,
1930 2856 2115 2921 firma
2145 2856 2393 2921 cavavit

799 2993 1053 3056 Robora
1075 3042 1093 3073 ,
1127 3010 1194 3059 et
1218 2994 1549 3081 ingentem
1577 2995 1709 3059 lato
1740 2995 1919 3059 dedit
1946 3017 2061 3059 ore
2090 2994 2457 3059 fenestram.

794 3137 1081 3216 Apparet
1109 3131 1336 3195 domus
1361 3132 1569 3211 intus,
1604 3148 1670 3197 et
1694 3133 1854 3197 atria
1886 3133 2079 3220 longa
2108 3148 2481 3219 patescunt3

797 3271 1130 3355 Apparent
1157 3270 1394 3333 Priami
1424 3286 1489 3335 et
1516 3286 1811 3335 veterum
1840 3271 2193 3357 penetralia
2221 3294 2447 3357 regum
2467 3319 2483 3348 ,

797 3406 1220 3489 Armatosque
1248 3406 1468 3471 vident
1497 3422 1735 3473 stantes
1764 3409 1833 3471 in
1861 3408 2084 3475 limine
2121 3408 2357 3493 primo.

796 4153 878 4213 At
909 4150 1134 4216 domus
1165 4154 1436 4218 interior
1464 4155 1703 4239 gemitu
1734 4154 2096 4237 miseroque
2128 4150 2413 4215 tumultu
