3059 4809
604 476 717 537 13¹oe
870 531 876 539 ,
1078 470 1550 532 AENEIDOS
1613 472 1910 541 LJBER
1969 470 2062 529 11.
2414 486 2564 531 v·9o·

591 598 916 663 Gessimus
941 622 958 660 ε
984 596 1224 661 invidia
1245 611 1590 682 postquam
1612 596 1874 683 pellacis
1895 594 2144 680 Ulyssei

590 737 822 823 (Haud
842 738 1063 823 ignota
1085 735 1363 822 loquor)
1387 735 1635 821 superis
1659 733 1977 797 concessit
1999 733 2080 796 ab
2104 733 2235 795 oris
2259 780 2274 808 ‚

588 875 880 941 Afflictus
910 876 1107 939 vitam
1135 876 1205 938 in
1238 873 1523 938 tenebris
1554 873 1863 958 luctuque
1894 870 2230 934 trahebam
2252 918 2267 947 ,

590 1016 671 1076 Et
701 1034 914 1075 casum
943 1012 1217 1076 insontis
1246 1033 1500 1075 mecum
1534 1010 1917 1095 indignabar
1945 1008 2153 1072 amici.

592 1152 723 1212 Nec
754 1150 925 1213 tacui
952 1149 1252 1223 demens3
1278 1162 1357 1221 ‘et
1388 1169 1493 1211 me
1512 1194 1529 1225 ‚
1556 1147 1691 1211 fors
1722 1146 1774 1209 si
1811 1168 1939 1231 qua
1970 1144 2218 1209 tulisset
2237 1192 2254 1219 ,

595 1284 664 1349 Si
688 1287 931 1372 patrios
954 1308 1241 1371 unquam
1267 1306 1647 1347 remeassem
1671 1283 1882 1347 victor
1906 1281 1988 1345 ad
2011 1284 2216 1367 Argos
2235 1330 2252 1358 ‚

595 1423 874 1487 Promisi
904 1422 1218 1498 ultorem3
1249 1436 1315 1485 et
1347 1420 1563 1485 verbis
1594 1420 1740 1483 odia
1773 1440 1994 1506 aspera
2023 1418 2221 1482 movi.

596 1563 765 1626 Hinc
788 1563 945 1626 mihi
967 1562 1176 1650 prima
1198 1560 1351 1624 mali
1372 1559 1582 1637 labes3
1611 1560 1764 1624 hinc
1788 1582 2041 1647 semper
2066 1559 2322 1643 Ulysses

600 1701 999 1766 Criminibus
1024 1716 1273 1763 terrere
1297 1700 1483 1763 novis
1498 1746 1515 1771 ‚
1545 1699 1696 1763 hinc
1717 1721 2020 1786 spargere
2044 1720 2234 1763 voces

595 1843 671 1904 ln
700 1839 967 1925 vulgum
995 1836 1326 1923 ambiguas
1344 1884 1360 1914 ,
1398 1852 1465 1899 et
1489 1858 1777 1922 quaerere
1809 1835 2101 1900 conscius
2133 1857 2331 1899 arma.

597 1982 728 2043 Nec
757 1979 1077 2065 requievit
1104 1980 1275 2041 enim
1294 2025 1310 2055 ,
1343 1977 1552 2041 donec
1586 1975 1937 2040 Calchante
1966 1975 2285 2039 ministro,
2302 2021 2346 2036 ..

521 2157 528 2166 -
597 2115 727 2181 Sed
750 2115 907 2200 quid
930 2138 1050 2201 ego
1073 2115 1206 2179 haec
1230 2129 1442 2178 autem
1466 2114 1908 2199 nequidquam
1929 2114 2180 2199 ingrata
2202 2111 2468 2176 revolvo
2484 2114 2514 2172 Ρ

599 2220 855 2336 Quidve
880 2254 1145 2317 moror?
1168 2252 1237 2317 Si
1260 2274 1483 2315 omnes
1506 2273 1640 2315 uno
1663 2250 1893 2314 ordine
1917 2250 2166 2319 habetis
2186 2247 2462 2311 Achivos
2481 2295 2498 2323 ,

598 2388 799 2474 quue
830 2390 1051 2453 audire
1082 2405 1175 2453 sat
1205 2404 1302 2452 est
1321 2437 1337 2467 ,
1360 2392 1495 2473 jam
1525 2388 1770 2452 dudum
1801 2388 2032 2451 sumite
2059 2410 2302 2473 poenas.

598 2531 737 2591 Hoc
759 2528 1013 2593 Ithacus
1043 2530 1234 2605 velit3
1268 2545 1334 2592 et
1356 2552 1594 2614 magno
1618 2542 1992 2592 mercentur
2018 2526 2280 2590 Atridae.
2295 2548 2300 2553 ·
2317 2556 2345 2583 »

684 2717 847 2775 Tum
868 2734 1025 2778 vero
1048 2712 1347 2776 ardemus
1369 2702 1584 2777 scitari
1607 2729 1672 2776 et
1695 2736 1982 2799 quaerere
2007 2735 2222 2777 causas
2243 2760 2258 2789 ,
2281 2682 2287 2687 .
2345 2726 2348 2731 “

596 2849 812 2933 Ignari
838 2850 1153 2914 scelerum
1184 2864 1516 2912 tantorum
1553 2849 1838 2933 artisque
1869 2847 2172 2933 Pelasgae.

596 2989 1021 3074 Prosequitur
1050 2989 1344 3075 pavitans
1364 3036 1381 3065 ‚
1411 3003 1476 3051 et
1508 2989 1662 3051 ficto
1694 3001 1961 3074 pectore
1991 2987 2200 3049 fatur:

602 3158 629 3186 (ι
664 3133 845 3215 Saepe
876 3129 1088 3215 fugam
1122 3128 1329 3191 Danai
1362 3129 1553 3211 Troja
1587 3126 1847 3211 cupiere
1878 3124 2106 3186 relicta

596 3267 810 3333 Moliri
830 3252 945 3344 ,'et
978 3267 1177 3355 longo
1208 3268 1353 3331 fessi
1384 3265 1713 3331 discedere
1742 3262 1941 3327 bello.

598 3388 1047 3491 Fecissentque
1077 3407 1357 3471 utinam!
1396 3408 1576 3490 Saepe
1609 3404 1753 3467 illos
1783 3424 2008 3488 aspera
2038 3401 2225 3489 ponti

599 3543 975 3607 Interclusit
1003 3543 1203 3610 hiems
1222 3592 1239 3617 ‚
1269 3558 1335 3607 et
1368 3543 1604 3606 terruit
1634 3547 1868 3605 Auster
1899 3556 2148 3603 euntes.

597 3683 927 3770 Praecipue
947 3730 963 3760 ,
993 3705 1133 3747 cum
1151 3686 1287 3767 jam
1310 3681 1414 3745 hic
1440 3681 1734 3744 trabibus
1758 3694 2099 3743 contextus
2122 3678 2366 3740 acernis

596 3825 812 3885 Staret
832 3842 1033 3907 equus
1050 3868 1065 3897 ,
1094 3835 1234 3882 toto
1257 3834 1618 3884 sonuerunt
1641 3820 1878 3882 aethere
1902 3816 2131 3881 nimbi.

596 3959 901 4041 Suspensi
920 3957 1318 4044 Eurypylum
1344 3959 1641 4031 scitatum
1667 3957 1926 4019 oracula
1954 3954 2182 4017 Phoebi

591 4097 897 4163 Mittimus
921 4124 935 4160 ε
968 4100 1148 4184 isque
1172 4099 1379 4183 adytis
1401 4099 1536 4162 haec
1563 4099 1763 4161 tristia
1787 4099 1956 4163 dicta
1985 4108 2279 4181 reportat
2305 4117 2318 4152 ε
