3059 4809
1255 668 1833 786 LIBER
1936 667 2031 784 Ι.

1553 982 1693 991 ---.

721 1191 836 1254 llle
866 1212 987 1277 ego
1018 1190 1131 1276 qui
1161 1189 1488 1276 quondam
1511 1190 1736 1277 gracili
1768 1192 2131 1257 modulatus
2157 1216 2359 1260 avena
2381 1198 2400 1233 ¹

636 1334 914 1395 Carmen
931 1345 1012 1393 =et
1041 1351 1332 1415 egressus
1365 1327 1541 1393 silvis
1558 1376 1576 1407 ,
1604 1330 1815 1394 vicina
1846 1331 2071 1416 eoegi²

630 1476 716 1537 Ut
745 1468 1033 1556 quamvis
1061 1467 1250 1533 avido
1281 1484 1591 1555 parerent
1621 1492 1773 1535 arva
1803 1470 2039 1535 coldno
2058 1472 2105 1549 ³,

629 1612 905 1675 Gratum
927 1586 1089 1696 epus
1111 1608 1408 1695 agricolis
1431 1633 1446 1671 :
1480 1623 1546 1672 at
1568 1631 1745 1672 nunc
1766 1609 2103 1672 horrentia
2127 1608 2345 1673 Martis
2359 1612 2383 1646 ⁴

717 1752 912 1811 Arma
933 1747 1275 1833 virumque
1297 1768 1462 1811 cano
1479 1794 1496 1824 ‚
1523 1749 1731 1830 Trojae
1754 1746 1866 1833 qui
1892 1746 2138 1833 primus
2161 1748 2241 1809 ab
2265 1745 2395 1810 oris
2412 1746 2438 1785 ⁵

627 1883 908 1962 Italiam,
935 1884 1068 1948 fato
1100 1885 1412 1971 profugus
1430 1933 1448 1964 ,
1476 1885 1737 1951 Lavinia
1767 1862 1947 1949 veflit

631 2026 897 2086 Littora.
925 2021 1198 2084 Multum
1228 2021 1338 2085 ille
1368 2038 1434 2085 et
1464 2023 1657 2086 terris
1674 2025 1952 2107 jactatus
1980 2037 2046 2086 et
2072 2021 2204 2086 alto

631 2161 714 2226 vi
739 2182 1042 2247 superum
1058 2207 1075 2238 ,
1103 2183 1279 2225 saevae
1311 2183 1665 2248 memorem
1689 2160 1964 2225 Junonis
1987 2161 2074 2224 ob
2106 2159 2289 2223 iram.

633 2297 831 2362 Multa
856 2320 1115 2383 quoque
1137 2314 1204 2361 et
1224 2296 1398 2363 bello
1421 2320 1638 2384 passus
1659 2345 1676 2376 ‚
1702 2298 1857 2363 dum
1880 2298 2191 2363 conderet
2210 2298 2440 2361 urbem
2461 2344 2479 2377 ,

631 2438 1038 2525 Inferretque
1069 2438 1224 2502 deos
1255 2437 1433 2501 Latio
1459 2458 1475 2499 ε
1513 2459 1715 2523 genus
1746 2437 1921 2501 unde
1952 2438 2282 2517 Latinum,

634 2577 994 2664 Albanique
1023 2593 1269 2663 patreS,
1298 2590 1491 2661 atque
1522 2574 1667 2639 altae
1698 2576 1934 2640 moenia
1965 2581 2207 2639 Romae.

724 3087 898 3147 Musa
916 3130 933 3162 ,
959 3081 1116 3146 mihi
1148 3104 1363 3145 causas
1395 3102 1683 3145 memora
1706 3127 1722 3153 ‚
1751 3102 1883 3165 quo
1908 3078 2172 3143 numine
2202 3077 2349 3141 laeso
2370 3124 2389 3155 ,

637 3222 894 3309 Quidve
922 3220 1150 3286 dolens
1178 3221 1401 3306 regina
1431 3218 1625 3282 deum
1655 3232 1755 3281 tot
1783 3215 2047 3282 volvere
2078 3238 2255 3281 casus

632 3346 956 3449 lusignem
982 3361 1221 3447 pietate
1252 3359 1464 3424 virum
1484 3405 1502 3436 ,
1537 3373 1636 3422 tot
1664 3357 1841 3421 adire
1867 3356 2125 3420 labores

635 3501 993 3591 Impulerit.
1019 3506 1320 3565 Tantaene
1353 3498 1580 3561 animis
1613 3497 1977 3562 eoelestibus
2001 3496 2111 3559 irae
2128 3495 2193 3557 ⁶!

724 3907 894 3974 Urbs
915 3904 1176 3990 antiqua
1207 3903 1328 3967 fuit
1343 3950 1361 3982 ,
1389 3902 1567 3989 Tyrii
1592 3917 1860 3964 tenuere
1884 3897 2101 3961 coloni
2120 3896 2168 3974 ⁷,

636 4046 958 4130 Carthago
981 4090 998 4121 ,
1032 4040 1278 4106 Italiam
1311 4056 1541 4106 contra
1570 4039 1998 4123 Tiberinaque
2029 4036 2222 4120 longe
