3059 4809
656 423 782 486 236
1120 424 1592 488 AENEIDOS
1648 425 1942 486 LIBER
2005 425 2148 489 111.
2403 426 2594 474 γ-35-3.

652 545 807 609 lllos
832 546 1193 631 porticibus
1220 569 1335 610 rex
1366 548 1719 636 accipiebat
1750 549 1820 614 in
1847 548 2096 634 amplis.

654 683 837 747 Aulai
860 684 931 748 in
959 685 1173 749 medio
1202 685 1493 749 libabant
1521 687 1756 773 pocula
1785 687 2052 763 Bacchi,

650 821 971 908 Impositis
996 844 1155 886 auro
1187 821 1487 912 dapibus,
1515 840 1896 913 paterasque
1928 826 2262 888 tenebant.

735 1558 1007 1640 Jamque
1028 1554 1165 1621 dies
1182 1601 1199 1632 ,
1226 1554 1521 1645 alterque
1543 1554 1679 1621 dies
1705 1555 2017 1640 processit
2033 1602 2049 1632 ,
2079 1569 2146 1618 et
2163 1577 2332 1618 aurae

647 1688 804 1752 Vela
824 1707 1062 1754 vocant
1076 1738 1093 1768 ‚
1124 1691 1499 1777 tumidoque
1520 1691 1782 1754 inflatur
1803 1692 2100 1755 carbasus
2121 1693 2382 1755 Austro,

649 1828 761 1890 His
791 1843 1001 1892 vatem
1032 1829 1375 1916 aggredior
1404 1829 1593 1894 dictis
1611 1877 1628 1907 ,
1661 1851 1735 1892 ac
1769 1829 1920 1892 talia
1953 1852 2206 1915 quaeso:

654 1991 683 2020 «
705 1965 1067 2049 Trojugena
1087 2010 1105 2042 ,
1132 1966 1457 2056 interpres
1479 1965 1700 2034 divum
1719 2013 1736 2043 ‚
1765 1966 1876 2054 qui
1897 1965 2162 2030 numina
2184 1965 2411 2028 Phoebi
2434 2012 2450 2042 ,

656 2099 788 2182 Qui
821 2099 1111 2188 tripodas
1130 2148 1147 2178 ,
1180 2102 1379 2170 Clarii
1407 2102 1625 2170 lauros
1644 2151 1661 2182 ,
1690 2103 1803 2190 qui
1834 2103 2040 2171 sidera
2067 2103 2264 2166 sentis
2279 2149 2298 2180 ,

656 2241 737 2301 Et
758 2237 1097 2312 volucrum
1121 2239 1367 2326 linguas
1385 2287 1404 2319 ,
1431 2255 1499 2304 et
1518 2242 1823 2328 praepetis
1847 2241 2060 2312 omina
2089 2263 2315 2327 pennae
2334 2286 2351 2315 ,

653 2379 813 2440 Fare
834 2400 952 2463 age
976 2377 1295 2465 (namque
1318 2400 1580 2442 omnem
1604 2401 1862 2442 cursum
1883 2378 2041 2442 mihi
2063 2399 2370 2463 prospera
2391 2377 2556 2440 dixit

652 2515 903 2601 Religio
922 2562 940 2594 ,
968 2530 1033 2578 et
1064 2515 1282 2578 cuncti
1310 2531 1650 2578 suaserunt
1676 2515 1942 2579 numine
1971 2515 2105 2578 divi

654 2651 899 2714 Italiam
935 2667 1158 2738 petere
1176 2699 1194 2730 ‚
1223 2666 1291 2720 et
1320 2667 1525 2716 terras
1561 2667 1811 2716 tentare
1842 2667 2166 2739 repostas;

657 2791 807 2856 Sola
833 2813 1078 2862 novum
1096 2839 1115 2870 ,
1142 2790 1450 2876 dictuque
1482 2791 1662 2860 nefas
1678 2836 1695 2867 ,
1724 2789 2006 2875 Harpyia
2040 2789 2302 2858 Celaeno

656 2932 1034 3020 Prodigium
1064 2931 1237 2996 canit
1257 2978 1275 3008 ,
1306 2945 1371 2994 et
1400 2930 1619 2993 tristes
1648 2927 1990 2994 denuntiat
2017 2927 2141 2990 iras
2161 2974 2178 3004 ‚

661 3069 1154 3152 Obscenamque
1178 3065 1448 3151 famem)
1472 3089 1487 3127 ε
1518 3087 1662 3150 quae
1683 3063 1891 3149 prima
1912 3060 2196 3147 pericula
2217 3059 2350 3123 vito
2365 3060 2394 3120 Ρ

657 3205 912 3289 Quidve
935 3226 1209 3289 sequens
1230 3219 1444 3268 tantos
1466 3203 1704 3288 possim
1727 3222 2028 3287 superare
2054 3199 2350 3263 labores?
2375 3227 2406 3255 v>

744 3342 862 3406 Hic
886 3342 1170 3407 Helenus
1189 3389 1206 3420 ,
1239 3340 1411 3405 caesis
1433 3341 1717 3426 primum
1741 3338 1821 3400 de
1845 3359 2027 3400 more
2043 3339 2336 3422 juvencis
2356 3384 2374 3414 ,

654 3481 890 3543 Exorat
915 3501 1138 3566 pacem
1172 3479 1433 3554 divum3
1464 3477 1785 3562 vittasque
1816 3475 2084 3546 resolvit
2155 3475 2158 3480 ’

574 3669 579 3678 .
662 3618 908 3685 Sacrati
936 3616 1161 3702 capitis
1181 3662 1198 3693 ‚
1228 3637 1460 3700 meque
1490 3615 1572 3678 ad
1605 3630 1715 3677 tua
1747 3613 1964 3679 limina
1991 3661 2007 3692 ‚
2037 3614 2280 3682 Phoebe
2299 3660 2316 3690 ,

660 3760 801 3843 Ipse
825 3777 1020 3817 manu
1042 3754 1247 3817 multo
1271 3775 1654 3840 suspensum
1678 3753 1945 3815 numine
1973 3751 2186 3830 ducit3

660 3899 870 3981 Atque
893 3894 1027 3957 haec
1052 3893 1283 3957 deinde
1309 3895 1481 3958 canit
1504 3893 1727 3956 divino
1752 3914 1829 3958 ex
1853 3913 1967 3954 ore
1991 3889 2286 3954 sacerdos
2305 3892 2355 3928 ³²
2378 3914 2392 3950 ε

662 4065 688 4092 «
716 4041 873 4099 Nate
904 4037 1021 4100 dea
1042 4083 1061 4114 ,
1089 4058 1237 4100 nam
1266 4051 1328 4098 te
1358 4035 1710 4118 majoribus
1738 4031 1830 4096 ire
1864 4051 1982 4116 per
2015 4028 2212 4092 altum
