3059 4809
636 422 755 485 108
1144 420 1613 484 AENEIDOS
1673 416 1962 482 LIBER
2024 422 2076 480 1.
2411 434 2457 465 v·
2482 416 2594 476 671.

626 548 853 609 Frater
882 561 956 609 ut
987 548 1216 611 AEneas
1244 546 1477 633 pelago
1508 560 1654 610 tuus
1681 546 1896 609 omnia
1921 544 2170 608 circum

624 687 873 750 Littora
898 688 1205 770 jactetur,
1235 684 1398 749 odiis
1423 689 1461 749 J
1468 678 1702 748 ononis
1727 683 1964 768 iniquae
1983 730 2000 761 ,

626 826 793 887 Nota
816 826 968 902 tibi;
996 840 1065 889 et
1083 840 1314 889 nostro
1341 824 1601 889 doluisti
1623 845 1788 908 saepe
1811 822 2063 888 dolore.

626 967 815 1028 Hunc
844 964 1173 1029 Phoenissa
1196 978 1381 1029 tenet
1396 963 1569 1027 Dido
1585 1010 1603 1041 ,
1628 946 2010 1049 blandisque
2032 978 2322 1027 moratur

627 1102 911 1183 Vocibus
934 1126 950 1165 ε
978 1116 1045 1167 et
1065 1124 1300 1167 vereor
1322 1125 1452 1188 quo
1476 1124 1544 1165 se
1565 1106 1603 1166 J
1608 1102 1850 1166 unonia
1875 1116 2132 1166 vertant

625 1240 955 1325 Hospitia3
990 1240 1159 1304 haud
1186 1254 1369 1304 tanto
1393 1240 1664 1305 cessabit
1692 1240 1956 1304 cardine
1978 1262 2222 1305 rerum.

623 1377 948 1460 Quocirca
972 1399 1202 1464 capere
1222 1392 1373 1441 ante
1396 1377 1592 1455 dolis,
1620 1393 1686 1441 et
1710 1378 1968 1464 cingere
1991 1378 2242 1441 flamma

625 1514 940 1601 Reginam
966 1515 1283 1593 meditor3
1311 1538 1396 1579 ne
1422 1538 1553 1602 quo
1577 1537 1644 1579 se
1666 1515 1932 1579 numine
1955 1528 2162 1578 mutet
2183 1562 2200 1592 ,

628 1650 759 1715 Sed
778 1674 1014 1739 magno
1036 1654 1248 1716 AEneae
1268 1674 1521 1717 mecum
1547 1666 1846 1719 teneatur
1875 1674 2122 1717 amore.
2211 1724 2220 1733 ⁴

629 1791 776 1872 Qua
798 1788 1006 1855 facere
1027 1791 1095 1856 id
1114 1792 1319 1878 possis
1332 1839 1351 1870 ‚
1376 1805 1668 1857 nostram
1689 1813 1866 1855 nunc
1889 1791 2108 1878 accipe
2130 1806 2440 1855 mentem.

631 1923 870 2009 Regius
886 1971 905 2005 ,
930 1926 1138 1991 accitu
1164 1928 1295 1992 cari
1316 1928 1631 2015 genitoris
1647 1976 1664 2006 ,
1691 1927 1772 1992 ad
1796 1930 2024 1991 urbem

634 2060 967 2125 Sidoniam
995 2085 1159 2150 puer
1184 2064 1279 2128 ire
1309 2081 1527 2152 parat,
1557 2088 1697 2131 mea
1727 2056 1997 2130 maxima
2027 2090 2180 2132 cura
2201 2115 2217 2146 ,

635 2204 826 2265 Dona
846 2198 1059 2265 ferens
1072 2248 1091 2280 ,
1119 2202 1351 2290 pelago
1375 2217 1441 2266 et
1463 2204 1734 2269 flammis
1761 2205 2067 2269 restantia
2088 2208 2326 2291 Trojae:

632 2340 821 2401 Hunc
842 2358 964 2424 ego
988 2339 1270 2426 sopitum
1292 2362 1522 2406 somno
1543 2390 1564 2421 ,
1587 2365 1781 2431 super
1804 2344 1930 2407 alta
1954 2344 2238 2431 Cythera
2255 2393 2276 2423 ,

636 2478 766 2540 Aut
796 2498 990 2563 super
1019 2476 1295 2542 Idalium
1310 2525 1329 2558 ,
1356 2494 1601 2543 sacrata
1631 2481 1782 2545 sede
1811 2482 2192 2560 recondam3

635 2618 728 2680 Ne
752 2638 877 2703 qua
900 2616 1064 2681 scire
1086 2616 1273 2683 dolos
1288 2666 1305 2697 ,
1333 2618 1663 2684 mediusve
1688 2642 2034 2685 occurrere
2056 2620 2279 2707 possit.

637 2757 731 2817 Tu
754 2753 979 2819 faciem
1001 2753 1175 2819 illius
1194 2801 1212 2833 ,
1238 2770 1503 2819 noctem
1525 2779 1664 2820 non
1685 2756 1958 2843 amplius
1981 2780 2175 2822 unam
2195 2806 2212 2837 ,

635 2891 809 2956 Falle
839 2891 992 2958 dolo
1011 2940 1028 2969 ,
1057 2906 1123 2957 et
1152 2907 1345 2958 notos
1372 2894 1560 2979 pueri
1591 2916 1756 2981 puer
1784 2894 1980 2958 indue
2010 2894 2266 2971 vultus;

641 3033 729 3095 Ut
749 3077 767 3109 ‚
804 3053 950 3096 cum
979 3047 1043 3096 te
1071 3032 1317 3117 gremio
1350 3032 1622 3119 accipiet
1653 3032 1972 3097 laetissima
2004 3032 2174 3098 Dido
2197 3080 2214 3107 ‚

638 3169 909 3257 Regales
939 3171 1113 3235 inter
1142 3194 1389 3237 mensas
1420 3172 1806 3257 laticemque
1833 3175 2125 3258 Lyaeum,

638 3312 809 3375 Cum
831 3311 1010 3375 dabit
1030 3312 1357 3400 amplexus
1376 3361 1393 3391 ‚
1423 3328 1616 3398 atque
1640 3309 1858 3375 oscula
1878 3309 2088 3373 dulcia
2111 3310 2265 3397 figet
2284 3358 2304 3388 ‚

640 3447 987 3511 Occultum
1008 3450 1281 3538 inspires
1303 3452 1519 3536 ignem
1537 3496 1555 3528 ,
1581 3448 1888 3535 fallasque
1914 3469 2191 3512 veneno.
2229 3477 2256 3506 »

726 3629 922 3701 Paret
947 3640 1147 3705 Amor
1173 3640 1362 3704 dictis
1392 3662 1555 3704 carae
1585 3639 1917 3725 genitricis
1935 3686 1952 3717 ,
1988 3652 2054 3704 et
2083 3637 2211 3701 alas

640 3776 863 3855 Exuit,
898 3792 965 3841 et
994 3798 1213 3868 gressu
1244 3779 1528 3867 gaudens
1561 3780 1801 3843 incedit
1828 3779 1975 3843 Iuli.

636 3917 721 3978 At
744 3919 960 3979 Venus
982 3916 1253 3978 Ascanio
1276 3916 1593 4002 placidam
1616 3939 1735 4002 per
1755 3917 2048 3981 membra
2077 3916 2368 4001 quietem

640 4050 911 4137 Irrigat3
946 4068 1011 4117 et
1040 4052 1247 4119 fotum
1270 4056 1516 4141 gremio
1549 4053 1666 4118 dea
1687 4054 1860 4118 tollit
1883 4056 1951 4119 in
1976 4054 2155 4118 altos¹
