<?xml version="1.0" encoding="UTF-8"?>
<!DOCTYPE html PUBLIC "-//W3C//DTD XHTML 1.0 Transitional//EN"
    "http://www.w3.org/TR/xhtml1/DTD/xhtml1-transitional.dtd">
<html xmlns="http://www.w3.org/1999/xhtml" xml:lang="en" lang="en">
 <head>
  <title>
</title>
<meta http-equiv="Content-Type" content="text/html;charset=utf-8" />
  <meta name='ocr-system' content='tesseract 3.04.00' />
  <meta name='ocr-capabilities' content='ocr_page ocr_carea ocr_par ocr_line ocrx_word'/>
</head>
<body>
  <div class='ocr_page' id='page_1' title='image "./oeuvresdedelill02virggoog_0238.png"; bbox 0 0 3059 4809; ppageno 0'>
   <div class='ocr_carea' id='block_1_1' title="bbox 700 440 2664 508">
    <p class='ocr_par' dir='ltr' id='par_1_1' title="bbox 700 440 2664 508">
     <span class='ocr_line' id='line_1_1' title="bbox 700 440 2664 508; baseline -0.003 -2"><span class='ocrx_word' id='word_1_1' title='bbox 700 447 827 508; x_wconf 78' lang='lat'><strong>230</strong></span> <span class='ocrx_word' id='word_1_2' title='bbox 1159 445 1630 508; x_wconf 80' lang='lat' dir='ltr'><strong>AENEIDOS</strong></span> <span class='ocrx_word' id='word_1_3' title='bbox 1690 447 1984 508; x_wconf 85' lang='lat' dir='ltr'>LIBER</span> <span class='ocrx_word' id='word_1_4' title='bbox 2043 447 2182 508; x_wconf 85' lang='lat'><em>111.</em></span> <span class='ocrx_word' id='word_1_5' title='bbox 2474 440 2664 491; x_wconf 73' lang='lat' dir='ltr'><strong>v.285.</strong></span> 
     </span>
    </p>
   </div>
   <div class='ocr_carea' id='block_1_2' title="bbox 700 566 2594 3268">
    <p class='ocr_par' dir='ltr' id='par_1_2' title="bbox 700 566 2280 657">
     <span class='ocr_line' id='line_1_2' title="bbox 700 566 2280 657; baseline -0.001 -24"><span class='ocrx_word' id='word_1_6' title='bbox 700 575 785 633; x_wconf 87' lang='lat' dir='ltr'><strong>Et</strong></span> <span class='ocrx_word' id='word_1_7' title='bbox 806 566 1084 656; x_wconf 83' lang='lat' dir='ltr'><strong>glacialis</strong></span> <span class='ocrx_word' id='word_1_8' title='bbox 1106 566 1311 631; x_wconf 87' lang='lat' dir='ltr'><strong>hiems</strong></span> <span class='ocrx_word' id='word_1_9' title='bbox 1332 567 1760 654; x_wconf 79' lang='lat' dir='ltr'>Aquilonibus</span> <span class='ocrx_word' id='word_1_10' title='bbox 1784 585 2035 657; x_wconf 81' lang='lat' dir='ltr'>asperat</span> <span class='ocrx_word' id='word_1_11' title='bbox 2059 569 2280 633; x_wconf 77' lang='lat' dir='ltr'><strong>undas,</strong></span> 
     </span>
    </p>

    <p class='ocr_par' dir='ltr' id='par_1_3' title="bbox 702 669 2481 2174">
     <span class='ocr_line' id='line_1_3' title="bbox 703 669 2305 792; baseline -0.001 -22"><span class='ocrx_word' id='word_1_12' title='bbox 703 711 849 771; x_wconf 86' lang='lat' dir='ltr'><strong>AEre</strong></span> <span class='ocrx_word' id='word_1_13' title='bbox 871 729 1029 771; x_wconf 84' lang='lat' dir='ltr'><strong>cavo</strong></span> <span class='ocrx_word' id='word_1_14' title='bbox 1055 704 1353 790; x_wconf 84' lang='lat' dir='ltr'><strong>clypeum</strong></span> <span class='ocrx_word' id='word_1_15' title='bbox 1370 750 1389 783; x_wconf 86' lang='lat'><strong>,</strong></span> <span class='ocrx_word' id='word_1_16' title='bbox 1420 705 1634 792; x_wconf 89' lang='lat' dir='ltr'><strong>magni</strong></span> <span class='ocrx_word' id='word_1_17' title='bbox 1657 721 1983 791; x_wconf 80' lang='lat' dir='ltr'><strong>gestamen</strong></span> <span class='ocrx_word' id='word_1_18' title='bbox 2008 669 2274 770; x_wconf 86' lang='lat' dir='ltr'><strong>Abantis</strong></span> <span class='ocrx_word' id='word_1_19' title='bbox 2287 754 2305 785; x_wconf 91' lang='lat'><strong><em>,</em></strong></span> 
     </span>
     <span class='ocr_line' id='line_1_4' title="bbox 704 842 2314 929; baseline 0 -21"><span class='ocrx_word' id='word_1_20' title='bbox 704 845 1004 908; x_wconf 87' lang='lat' dir='ltr'><strong>Postibus</strong></span> <span class='ocrx_word' id='word_1_21' title='bbox 1031 843 1311 919; x_wconf 80' lang='lat' dir='ltr'><strong>adversis</strong></span> <span class='ocrx_word' id='word_1_22' title='bbox 1336 842 1465 929; x_wconf 87' lang='lat' dir='ltr'><strong>figo</strong></span> <span class='ocrx_word' id='word_1_23' title='bbox 1484 891 1502 920; x_wconf 95' lang='lat'>‚</span> <span class='ocrx_word' id='word_1_24' title='bbox 1531 859 1599 908; x_wconf 91' lang='lat' dir='ltr'><strong>et</strong></span> <span class='ocrx_word' id='word_1_25' title='bbox 1619 867 1757 908; x_wconf 88' lang='lat' dir='ltr'><strong>rem</strong></span> <span class='ocrx_word' id='word_1_26' title='bbox 1781 844 2062 907; x_wconf 85' lang='lat' dir='ltr'><strong>carmine</strong></span> <span class='ocrx_word' id='word_1_27' title='bbox 2089 843 2272 929; x_wconf 85' lang='lat' dir='ltr'><strong>signo</strong></span> <span class='ocrx_word' id='word_1_28' title='bbox 2296 866 2314 907; x_wconf 75' lang='grc' dir='ltr'><strong><em>ε</em></strong></span> 
     </span>
     <span class='ocr_line' id='line_1_5' title="bbox 704 984 2167 1046; baseline 0 -2"><span class='ocrx_word' id='word_1_29' title='bbox 704 985 929 1044; x_wconf 72' lang='grc' dir='ltr'><strong>ΕΝΕΑε</strong></span> <span class='ocrx_word' id='word_1_30' title='bbox 960 1003 1092 1044; x_wconf 72' lang='lat' dir='ltr'><strong>nAEc</strong></span> <span class='ocrx_word' id='word_1_31' title='bbox 1124 1002 1201 1042; x_wconf 71' lang='lat' dir='ltr'><strong>nn</strong></span> <span class='ocrx_word' id='word_1_32' title='bbox 1237 984 1476 1045; x_wconf 54' lang='lat' dir='ltr'><strong>Diuus</strong></span> <span class='ocrx_word' id='word_1_33' title='bbox 1507 1004 1865 1046; x_wconf 77' lang='lat' dir='ltr'><strong>vicromaus</strong></span> <span class='ocrx_word' id='word_1_34' title='bbox 1896 1005 2061 1046; x_wconf 65' lang='lat' dir='ltr'><strong>Anu</strong></span> <span class='ocrx_word' id='word_1_35' title='bbox 2087 984 2167 1044; x_wconf 75' lang='lat'><strong>2³.</strong></span> 
     </span>
     <span class='ocr_line' id='line_1_6' title="bbox 702 1120 2481 1210; baseline 0.003 -30"><span class='ocrx_word' id='word_1_36' title='bbox 702 1120 1023 1205; x_wconf 88' lang='lat' dir='ltr'><strong>Linquere</strong></span> <span class='ocrx_word' id='word_1_37' title='bbox 1043 1137 1181 1185; x_wconf 90' lang='lat' dir='ltr'><strong>tum</strong></span> <span class='ocrx_word' id='word_1_38' title='bbox 1203 1138 1432 1210; x_wconf 88' lang='lat' dir='ltr'><strong>portus</strong></span> <span class='ocrx_word' id='word_1_39' title='bbox 1447 1121 1648 1204; x_wconf 85' lang='lat' dir='ltr'><strong>jubeo</strong></span> <span class='ocrx_word' id='word_1_40' title='bbox 1663 1165 1682 1198; x_wconf 90' lang='lat'>‚</span> <span class='ocrx_word' id='word_1_41' title='bbox 1713 1135 1781 1184; x_wconf 86' lang='lat' dir='ltr'><strong>et</strong></span> <span class='ocrx_word' id='word_1_42' title='bbox 1803 1121 2136 1185; x_wconf 87' lang='lat' dir='ltr'><strong>considere</strong></span> <span class='ocrx_word' id='word_1_43' title='bbox 2163 1124 2481 1188; x_wconf 78' lang='lat' dir='ltr'><strong>transtris,</strong></span> 
     </span>
     <span class='ocr_line' id='line_1_7' title="bbox 710 1254 2385 1343; baseline 0.002 -26"><span class='ocrx_word' id='word_1_44' title='bbox 710 1254 1021 1319; x_wconf 79' lang='lat' dir='ltr'><strong>Certatim</strong></span> <span class='ocrx_word' id='word_1_45' title='bbox 1046 1258 1202 1322; x_wconf 90' lang='lat' dir='ltr'><strong>socii</strong></span> <span class='ocrx_word' id='word_1_46' title='bbox 1221 1258 1466 1321; x_wconf 86' lang='lat' dir='ltr'><strong>feriunt</strong></span> <span class='ocrx_word' id='word_1_47' title='bbox 1488 1278 1662 1319; x_wconf 90' lang='lat' dir='ltr'><strong>mare</strong></span> <span class='ocrx_word' id='word_1_48' title='bbox 1678 1302 1696 1334; x_wconf 91' lang='lat'><em>,</em></span> <span class='ocrx_word' id='word_1_49' title='bbox 1723 1271 1788 1320; x_wconf 88' lang='lat' dir='ltr'><strong>et</strong></span> <span class='ocrx_word' id='word_1_50' title='bbox 1811 1279 2069 1343; x_wconf 82' lang='lat' dir='ltr'><strong>oequora</strong></span> <span class='ocrx_word' id='word_1_51' title='bbox 2091 1275 2385 1323; x_wconf 84' lang='lat' dir='ltr'><strong>verrunt.</strong></span> 
     </span>
     <span class='ocr_line' id='line_1_8' title="bbox 708 1392 2309 1474; baseline 0.004 -20"><span class='ocrx_word' id='word_1_52' title='bbox 708 1395 1031 1456; x_wconf 90' lang='lat' dir='ltr'><strong>Protenus</strong></span> <span class='ocrx_word' id='word_1_53' title='bbox 1052 1395 1250 1457; x_wconf 88' lang='lat' dir='ltr'><strong>aerias</strong></span> <span class='ocrx_word' id='word_1_54' title='bbox 1273 1393 1611 1468; x_wconf 86' lang='lat' dir='ltr'><strong>Phaeacum</strong></span> <span class='ocrx_word' id='word_1_55' title='bbox 1633 1392 2082 1459; x_wconf 88' lang='lat' dir='ltr'><strong>abscondimus</strong></span> <span class='ocrx_word' id='word_1_56' title='bbox 2102 1418 2278 1461; x_wconf 86' lang='lat' dir='ltr'><strong>arces</strong></span> <span class='ocrx_word' id='word_1_57' title='bbox 2293 1445 2309 1474; x_wconf 89' lang='lat'><strong>,</strong></span> 
     </span>
     <span class='ocr_line' id='line_1_9' title="bbox 708 1529 2268 1621; baseline 0.005 -29"><span class='ocrx_word' id='word_1_58' title='bbox 708 1529 1081 1618; x_wconf 88' lang='lat' dir='ltr'><strong>Littoraque</strong></span> <span class='ocrx_word' id='word_1_59' title='bbox 1106 1535 1283 1620; x_wconf 89' lang='lat' dir='ltr'><strong>Epiri</strong></span> <span class='ocrx_word' id='word_1_60' title='bbox 1304 1534 1574 1620; x_wconf 83' lang='lat' dir='ltr'><strong>legimus</strong></span> <span class='ocrx_word' id='word_1_61' title='bbox 1587 1581 1606 1610; x_wconf 92' lang='lat'>,</span> <span class='ocrx_word' id='word_1_62' title='bbox 1633 1549 1959 1621; x_wconf 88' lang='lat' dir='ltr'><strong>portuque</strong></span> <span class='ocrx_word' id='word_1_63' title='bbox 1981 1537 2268 1600; x_wconf 87' lang='lat' dir='ltr'><strong>subimus</strong></span> 
     </span>
     <span class='ocr_line' id='line_1_10' title="bbox 715 1667 2372 1747; baseline 0.003 -17"><span class='ocrx_word' id='word_1_64' title='bbox 715 1667 1008 1733; x_wconf 89' lang='lat' dir='ltr'><strong>Chaonio</strong></span> <span class='ocrx_word' id='word_1_65' title='bbox 1026 1717 1043 1747; x_wconf 93' lang='lat'><strong><em>‚</em></strong></span> <span class='ocrx_word' id='word_1_66' title='bbox 1074 1685 1140 1733; x_wconf 88' lang='lat' dir='ltr'><strong>et</strong></span> <span class='ocrx_word' id='word_1_67' title='bbox 1160 1669 1392 1734; x_wconf 89' lang='lat' dir='ltr'><strong>celsam</strong></span> <span class='ocrx_word' id='word_1_68' title='bbox 1413 1669 1716 1732; x_wconf 83' lang='lat' dir='ltr'><strong>Buthroti</strong></span> <span class='ocrx_word' id='word_1_69' title='bbox 1741 1671 2101 1736; x_wconf 86' lang='lat' dir='ltr'><strong>accedimus</strong></span> <span class='ocrx_word' id='word_1_70' title='bbox 2123 1674 2372 1737; x_wconf 87' lang='lat' dir='ltr'><strong>urbem.</strong></span> 
     </span>
     <span class='ocr_line' id='line_1_11' title="bbox 715 1806 2289 1895; baseline 0.005 -28"><span class='ocrx_word' id='word_1_71' title='bbox 715 1806 835 1869; x_wconf 92' lang='lat' dir='ltr'><strong>Hic</strong></span> <span class='ocrx_word' id='word_1_72' title='bbox 860 1806 1253 1870; x_wconf 88' lang='lat' dir='ltr'><strong>incredibilis</strong></span> <span class='ocrx_word' id='word_1_73' title='bbox 1274 1829 1491 1871; x_wconf 91' lang='lat' dir='ltr'><strong>rerum</strong></span> <span class='ocrx_word' id='word_1_74' title='bbox 1514 1807 1678 1871; x_wconf 83' lang='lat' dir='ltr'><strong>fama</strong></span> <span class='ocrx_word' id='word_1_75' title='bbox 1703 1825 1975 1895; x_wconf 81' lang='lat' dir='ltr'><strong>occupat</strong></span> <span class='ocrx_word' id='word_1_76' title='bbox 1995 1833 2178 1875; x_wconf 89' lang='lat' dir='ltr'><strong>aures</strong></span> <span class='ocrx_word' id='word_1_77' title='bbox 2199 1813 2256 1851; x_wconf 79' lang='lat'><strong>2⁴</strong></span> <span class='ocrx_word' id='word_1_78' title='bbox 2271 1859 2289 1890; x_wconf 91' lang='lat'><strong><em>,</em></strong></span> 
     </span>
     <span class='ocr_line' id='line_1_12' title="bbox 714 1942 2347 2034; baseline 0.004 -28"><span class='ocrx_word' id='word_1_79' title='bbox 714 1942 1082 2008; x_wconf 87' lang='lat' dir='ltr'><strong>Priamiden</strong></span> <span class='ocrx_word' id='word_1_80' title='bbox 1106 1944 1422 2008; x_wconf 89' lang='lat' dir='ltr'><strong>Helenum</strong></span> <span class='ocrx_word' id='word_1_81' title='bbox 1444 1945 1672 2008; x_wconf 89' lang='lat' dir='ltr'><strong>Graias</strong></span> <span class='ocrx_word' id='word_1_82' title='bbox 1693 1966 1966 2030; x_wconf 86' lang='lat' dir='ltr'><strong>regnare</strong></span> <span class='ocrx_word' id='word_1_83' title='bbox 1985 1970 2106 2034; x_wconf 90' lang='lat' dir='ltr'><strong>per</strong></span> <span class='ocrx_word' id='word_1_84' title='bbox 2126 1950 2316 2012; x_wconf 89' lang='lat' dir='ltr'><strong>urbes</strong></span> <span class='ocrx_word' id='word_1_85' title='bbox 2331 1997 2347 2026; x_wconf 92' lang='lat'>‚</span> 
     </span>
     <span class='ocr_line' id='line_1_13' title="bbox 718 2080 2344 2174; baseline 0.006 -31"><span class='ocrx_word' id='word_1_86' title='bbox 718 2080 1038 2168; x_wconf 87' lang='lat' dir='ltr'><strong>Conjugio</strong></span> <span class='ocrx_word' id='word_1_87' title='bbox 1062 2083 1329 2158; x_wconf 77' lang='lat' dir='ltr'><strong>AEacidae</strong></span> <span class='ocrx_word' id='word_1_88' title='bbox 1353 2084 1590 2168; x_wconf 84' lang='lat' dir='ltr'><strong>Pyrrhi</strong></span> <span class='ocrx_word' id='word_1_89' title='bbox 1611 2086 2008 2173; x_wconf 89' lang='lat' dir='ltr'><strong>sceptrisque</strong></span> <span class='ocrx_word' id='word_1_90' title='bbox 2028 2088 2304 2174; x_wconf 87' lang='lat' dir='ltr'><strong>potitum</strong></span> <span class='ocrx_word' id='word_1_91' title='bbox 2325 2136 2344 2166; x_wconf 88' lang='lat'>,</span> 
     </span>
    </p>

    <p class='ocr_par' dir='ltr' id='par_1_4' title="bbox 718 2217 2360 2855">
     <span class='ocr_line' id='line_1_14' title="bbox 718 2217 2360 2303; baseline 0.004 -25"><span class='ocrx_word' id='word_1_92' title='bbox 718 2219 799 2279; x_wconf 89' lang='lat' dir='ltr'><strong>Et</strong></span> <span class='ocrx_word' id='word_1_93' title='bbox 820 2218 1033 2303; x_wconf 87' lang='lat' dir='ltr'><strong>patrio</strong></span> <span class='ocrx_word' id='word_1_94' title='bbox 1055 2217 1549 2281; x_wconf 86' lang='lat' dir='ltr'><strong>Andromachen</strong></span> <span class='ocrx_word' id='word_1_95' title='bbox 1572 2219 1808 2283; x_wconf 89' lang='lat' dir='ltr'><strong>iterum</strong></span> <span class='ocrx_word' id='word_1_96' title='bbox 1832 2221 2085 2284; x_wconf 87' lang='lat' dir='ltr'><strong>cessisse</strong></span> <span class='ocrx_word' id='word_1_97' title='bbox 2107 2223 2360 2291; x_wconf 88' lang='lat' dir='ltr'><strong>marito.</strong></span> 
     </span>
     <span class='ocr_line' id='line_1_15' title="bbox 721 2355 2246 2441; baseline 0.001 -21"><span class='ocrx_word' id='word_1_98' title='bbox 721 2355 1048 2441; x_wconf 87' lang='lat' dir='ltr'><strong>Obstupui</strong></span> <span class='ocrx_word' id='word_1_99' title='bbox 1066 2380 1082 2431; x_wconf 93' lang='lat'>;</span> <span class='ocrx_word' id='word_1_100' title='bbox 1110 2355 1405 2440; x_wconf 82' lang='lat' dir='ltr'><strong>miroque</strong></span> <span class='ocrx_word' id='word_1_101' title='bbox 1428 2355 1760 2418; x_wconf 89' lang='lat' dir='ltr'><strong>incensum</strong></span> <span class='ocrx_word' id='word_1_102' title='bbox 1781 2370 2006 2441; x_wconf 90' lang='lat' dir='ltr'><strong>pectus</strong></span> <span class='ocrx_word' id='word_1_103' title='bbox 2027 2377 2246 2422; x_wconf 84' lang='lat' dir='ltr'><strong>amore</strong></span> 
     </span>
     <span class='ocr_line' id='line_1_16' title="bbox 720 2493 2350 2579; baseline 0.001 -23"><span class='ocrx_word' id='word_1_104' title='bbox 720 2493 1125 2579; x_wconf 85' lang='lat' dir='ltr'><strong>Compellare</strong></span> <span class='ocrx_word' id='word_1_105' title='bbox 1146 2493 1356 2557; x_wconf 82' lang='lat' dir='ltr'><strong>virum</strong></span> <span class='ocrx_word' id='word_1_106' title='bbox 1370 2539 1389 2570; x_wconf 87' lang='lat'><em>,</em></span> <span class='ocrx_word' id='word_1_107' title='bbox 1417 2507 1482 2556; x_wconf 81' lang='lat' dir='ltr'><strong>et</strong></span> <span class='ocrx_word' id='word_1_108' title='bbox 1504 2514 1684 2556; x_wconf 85' lang='lat' dir='ltr'><strong>casus</strong></span> <span class='ocrx_word' id='word_1_109' title='bbox 1706 2513 2094 2578; x_wconf 83' lang='lat' dir='ltr'><strong>cognoscere</strong></span> <span class='ocrx_word' id='word_1_110' title='bbox 2115 2509 2350 2559; x_wconf 75' lang='lat' dir='ltr'><strong>tantos·</strong></span> 
     </span>
     <span class='ocr_line' id='line_1_17' title="bbox 720 2629 2304 2719; baseline 0 -25"><span class='ocrx_word' id='word_1_111' title='bbox 720 2631 1117 2718; x_wconf 87' lang='lat' dir='ltr'><strong>Progredior</strong></span> <span class='ocrx_word' id='word_1_112' title='bbox 1138 2646 1334 2719; x_wconf 89' lang='lat' dir='ltr'><strong>portu</strong></span> <span class='ocrx_word' id='word_1_113' title='bbox 1354 2678 1371 2708; x_wconf 93' lang='lat'><strong>,</strong></span> <span class='ocrx_word' id='word_1_114' title='bbox 1405 2630 1631 2694; x_wconf 88' lang='lat' dir='ltr'><strong>classes</strong></span> <span class='ocrx_word' id='word_1_115' title='bbox 1653 2645 1718 2692; x_wconf 89' lang='lat' dir='ltr'><strong>et</strong></span> <span class='ocrx_word' id='word_1_116' title='bbox 1745 2629 1964 2693; x_wconf 88' lang='lat' dir='ltr'><strong>littora</strong></span> <span class='ocrx_word' id='word_1_117' title='bbox 1985 2629 2304 2716; x_wconf 91' lang='lat' dir='ltr'><strong>linquens.</strong></span> 
     </span>
     <span class='ocr_line' id='line_1_18' title="bbox 726 2766 2173 2855; baseline -0.001 -24"><span class='ocrx_word' id='word_1_118' title='bbox 726 2766 1059 2832; x_wconf 90' lang='lat' dir='ltr'><strong>Solemnes</strong></span> <span class='ocrx_word' id='word_1_119' title='bbox 1083 2783 1218 2852; x_wconf 84' lang='lat' dir='ltr'><strong>tum</strong></span> <span class='ocrx_word' id='word_1_120' title='bbox 1244 2769 1412 2854; x_wconf 81' lang='lat' dir='ltr'><strong>forte</strong></span> <span class='ocrx_word' id='word_1_121' title='bbox 1439 2768 1634 2855; x_wconf 90' lang='lat' dir='ltr'><strong>dapes</strong></span> <span class='ocrx_word' id='word_1_122' title='bbox 1657 2781 1721 2830; x_wconf 90' lang='lat' dir='ltr'><strong>et</strong></span> <span class='ocrx_word' id='word_1_123' title='bbox 1741 2767 1946 2852; x_wconf 83' lang='lat' dir='ltr'><strong>tristia</strong></span> <span class='ocrx_word' id='word_1_124' title='bbox 1968 2767 2138 2831; x_wconf 90' lang='lat' dir='ltr'><strong>dona</strong></span> <span class='ocrx_word' id='word_1_125' title='bbox 2157 2814 2173 2844; x_wconf 94' lang='lat'>,</span> 
     </span>
    </p>

    <p class='ocr_par' dir='ltr' id='par_1_5' title="bbox 724 2905 2594 3268">
     <span class='ocr_line' id='line_1_19' title="bbox 724 2905 2383 2987; baseline 0.002 -17"><span class='ocrx_word' id='word_1_126' title='bbox 724 2912 893 2970; x_wconf 87' lang='lat' dir='ltr'><strong>Ante</strong></span> <span class='ocrx_word' id='word_1_127' title='bbox 916 2908 1145 2975; x_wconf 86' lang='lat' dir='ltr'><strong>urbem</strong></span> <span class='ocrx_word' id='word_1_128' title='bbox 1168 2908 1236 2971; x_wconf 93' lang='lat' dir='ltr'><strong>in</strong></span> <span class='ocrx_word' id='word_1_129' title='bbox 1259 2906 1405 2970; x_wconf 90' lang='lat' dir='ltr'><strong>luco</strong></span> <span class='ocrx_word' id='word_1_130' title='bbox 1426 2955 1443 2987; x_wconf 91' lang='lat'>,</span> <span class='ocrx_word' id='word_1_131' title='bbox 1472 2906 1610 2972; x_wconf 89' lang='lat' dir='ltr'><strong>falsi</strong></span> <span class='ocrx_word' id='word_1_132' title='bbox 1639 2907 1984 2970; x_wconf 85' lang='lat' dir='ltr'><strong>Simoentis</strong></span> <span class='ocrx_word' id='word_1_133' title='bbox 2007 2905 2088 2970; x_wconf 85' lang='lat' dir='ltr'><strong>ad</strong></span> <span class='ocrx_word' id='word_1_134' title='bbox 2111 2905 2348 2974; x_wconf 84' lang='lat' dir='ltr'><strong>undam</strong></span> <span class='ocrx_word' id='word_1_135' title='bbox 2366 2954 2383 2984; x_wconf 92' lang='lat'><strong><em>‚</em></strong></span> 
     </span>
     <span class='ocr_line' id='line_1_20' title="bbox 727 3044 2394 3129; baseline -0.001 -23"><span class='ocrx_word' id='word_1_136' title='bbox 727 3044 994 3108; x_wconf 88' lang='lat' dir='ltr'><strong>Libabat</strong></span> <span class='ocrx_word' id='word_1_137' title='bbox 1020 3045 1223 3109; x_wconf 90' lang='lat' dir='ltr'><strong>cineri</strong></span> <span class='ocrx_word' id='word_1_138' title='bbox 1243 3044 1692 3110; x_wconf 86' lang='lat' dir='ltr'><strong>Andromache</strong></span> <span class='ocrx_word' id='word_1_139' title='bbox 1713 3069 1732 3121; x_wconf 67' lang='grc' dir='ltr'><strong>ς</strong></span> <span class='ocrx_word' id='word_1_140' title='bbox 1763 3048 2104 3129; x_wconf 86' lang='lat' dir='ltr'><strong>Manesque</strong></span> <span class='ocrx_word' id='word_1_141' title='bbox 2123 3044 2394 3108; x_wconf 80' lang='lat' dir='ltr'><strong>vocabat</strong></span> 
     </span>
     <span class='ocr_line' id='line_1_21' title="bbox 729 3181 2594 3268; baseline 0.001 -26"><span class='ocrx_word' id='word_1_142' title='bbox 729 3184 1119 3245; x_wconf 84' lang='lat' dir='ltr'><strong>Hectoreum</strong></span> <span class='ocrx_word' id='word_1_143' title='bbox 1139 3183 1219 3246; x_wconf 87' lang='lat' dir='ltr'><strong>ad</strong></span> <span class='ocrx_word' id='word_1_144' title='bbox 1242 3183 1558 3247; x_wconf 89' lang='lat' dir='ltr'><strong>tumulum</strong></span> <span class='ocrx_word' id='word_1_145' title='bbox 1573 3231 1591 3262; x_wconf 91' lang='lat'><strong><em>,</em></strong></span> <span class='ocrx_word' id='word_1_146' title='bbox 1621 3182 1809 3246; x_wconf 82' lang='lat' dir='ltr'><strong>viridi</strong></span> <span class='ocrx_word' id='word_1_147' title='bbox 1833 3204 2025 3268; x_wconf 91' lang='lat' dir='ltr'><strong>quem</strong></span> <span class='ocrx_word' id='word_1_148' title='bbox 2045 3181 2283 3267; x_wconf 87' lang='lat' dir='ltr'><strong>cespite</strong></span> <span class='ocrx_word' id='word_1_149' title='bbox 2299 3181 2554 3252; x_wconf 82' lang='lat' dir='ltr'><strong>inanem</strong></span> <span class='ocrx_word' id='word_1_150' title='bbox 2575 3229 2594 3259; x_wconf 92' lang='lat'>,</span> 
     </span>
    </p>
   </div>
   <div class='ocr_carea' id='block_1_3' title="bbox 733 3319 2336 3408">
    <p class='ocr_par' dir='ltr' id='par_1_6' title="bbox 733 3319 2336 3408">
     <span class='ocr_line' id='line_1_22' title="bbox 733 3319 2336 3408; baseline 0 -28"><span class='ocrx_word' id='word_1_151' title='bbox 733 3322 811 3402; x_wconf 79' lang='lat' dir='ltr'><strong>Et</strong></span> <span class='ocrx_word' id='word_1_152' title='bbox 836 3319 1148 3404; x_wconf 85' lang='lat' dir='ltr'><strong>geminas,</strong></span> <span class='ocrx_word' id='word_1_153' title='bbox 1176 3343 1421 3384; x_wconf 86' lang='lat' dir='ltr'><strong>causam</strong></span> <span class='ocrx_word' id='word_1_154' title='bbox 1447 3320 1740 3408; x_wconf 84' lang='lat' dir='ltr'><strong>lacrymis</strong></span> <span class='ocrx_word' id='word_1_155' title='bbox 1756 3368 1774 3399; x_wconf 90' lang='lat'>‚</span> <span class='ocrx_word' id='word_1_156' title='bbox 1801 3335 2156 3393; x_wconf 77' lang='lat' dir='ltr'><strong>sacraverat</strong></span> <span class='ocrx_word' id='word_1_157' title='bbox 2175 3340 2336 3395; x_wconf 82' lang='lat' dir='ltr'><strong>aras.</strong></span> 
     </span>
    </p>
   </div>
   <div class='ocr_carea' id='block_1_4' title="bbox 742 4065 2369 4151">
    <p class='ocr_par' dir='ltr' id='par_1_7' title="bbox 742 4065 2369 4151">
     <span class='ocr_line' id='line_1_23' title="bbox 742 4065 2369 4151; baseline 0 -23"><span class='ocrx_word' id='word_1_158' title='bbox 742 4071 825 4144; x_wconf 83' lang='lat' dir='ltr'><strong>Ut</strong></span> <span class='ocrx_word' id='word_1_159' title='bbox 848 4088 953 4128; x_wconf 90' lang='lat' dir='ltr'><strong>me</strong></span> <span class='ocrx_word' id='word_1_160' title='bbox 976 4067 1306 4151; x_wconf 86' lang='lat' dir='ltr'><strong>conspexit</strong></span> <span class='ocrx_word' id='word_1_161' title='bbox 1327 4071 1690 4133; x_wconf 77' lang='lat' dir='ltr'><strong>venientem</strong></span> <span class='ocrx_word' id='word_1_162' title='bbox 1709 4115 1726 4146; x_wconf 90' lang='lat'><strong>,</strong></span> <span class='ocrx_word' id='word_1_163' title='bbox 1754 4084 1818 4131; x_wconf 86' lang='lat' dir='ltr'><strong>et</strong></span> <span class='ocrx_word' id='word_1_164' title='bbox 1843 4073 2028 4130; x_wconf 68' lang='lat' dir='ltr'><strong>Troia</strong></span> <span class='ocrx_word' id='word_1_165' title='bbox 2049 4066 2292 4130; x_wconf 90' lang='lat' dir='ltr'><strong>circum</strong></span> <span class='ocrx_word' id='word_1_166' title='bbox 2311 4065 2369 4104; x_wconf 77' lang='lat'><strong>²⁵</strong></span> 
     </span>
    </p>
   </div>
  </div>
 </body>
</html>
