3059 4809
612 466 731 529 184
1084 466 1552 531 AENEIDOS
1610 469 1928 531 LIBER·
1963 470 2059 530 11.
2379 464 2571 531 '⁶6⁶9-

603 590 868 653 Praelia=
900 612 1233 677 nunquam
1258 613 1481 656 omnes
1509 591 1704 657 hodie
1726 593 2079 657 moriemur
2107 590 2324 657 inulti.
2361 622 2390 651 n

690 830 859 895 Hinc
882 832 1057 896 ferro
1082 833 1383 919 accingor
1405 855 1628 897 rursus
1647 880 1665 911 ‚
1701 832 2072 933 clypeoque.
2091 833 2414 897 sinistram

548 1016 553 1021 .
600 967 999 1043 Insertabam
1022 985 1247 1056 aptans
1262 1017 1279 1048 ,
1307 993 1541 1055 meque
1568 985 1746 1033 extra
1771 984 1940 1033 tecta
1962 968 2272 1032 ferebam.

600 1107 763 1170 Ecce
786 1122 999 1170 autem
1028 1108 1357 1195 complexa
1384 1108 1583 1195 pedes
1613 1109 1682 1173 in
1711 1101 1934 1172 limine
1967 1111 2205 1193 conjux

599 1219 899 1308 Hoerebat
914 1292 933 1323 ,
968 1267 1371 1331 parvumque
1396 1246 1569 1331 patri
1596 1245 1902 1310 tendebat
1929 1247 2179 1310 lulum:

602 1414 629 1442 α
662 1385 731 1449 Si
751 1385 1081 1471 periturus
1102 1384 1240 1447 abis
1257 1431 1274 1463 ‚
1303 1398 1368 1447 et
1391 1407 1512 1448 nos
1538 1406 1694 1470 rape
1716 1384 1786 1447 in
1809 1384 2026 1450 omnia
2046 1400 2292 1460 tecum3

595 1524 713 1589 Sin
736 1523 1016 1610 aliquam
1040 1538 1341 1609 expertus
1361 1522 1633 1609 sumptis
1658 1546 1837 1609 spem
1863 1522 2053 1608 ponis
2077 1523 2148 1586 in
2169 1523 2361 1586 armis
2381 1569 2398 1601 ,

593 1664 775 1725 Hanc
797 1662 1079 1749 primum
1111 1677 1325 1725 tutare
1356 1662 1644 1726 domum.
1685 1662 1807 1726 Cui
1835 1684 2073 1747 parvus
2100 1660 2276 1723 lulus
2295 1707 2313 1738 ,

595 1801 717 1864 Cui
739 1816 946 1887 pater,
975 1816 1042 1864 et
1067 1804 1303 1885 conjux
1323 1849 1342 1880 ,
1369 1802 1697 1888 quondam
1723 1817 1833 1864 tua
1853 1801 2047 1879 dicta,
2077 1799 2455 1886 relinquor?
2485 1828 2514 1857 n

590 1941 761 2006 Talia
791 1940 1147 2004 vociferans
1166 1988 1183 2019 ‚
1215 1941 1456 2026 gemitu
1482 1956 1725 2004 tectum
1749 1961 1943 2004 omne
1965 1938 2292 2026 replebat;

596 2080 761 2144 Cum
786 2079 1069 2142 subitum
1092 2080 1402 2167 dictuque
1426 2082 1638 2146 oritur
1661 2079 1952 2143 mirabile
1979 2093 2339 2141 monstrum
2360 2078 2442 2139 ⁴2.

592 2219 881 2301 Namque
903 2263 920 2294 ,
952 2238 1177 2279 manus
1206 2216 1380 2279 inter
1410 2234 1917 2302 moestorumque
1949 2237 2062 2279 ora
2090 2230 2464 2301 parentum,

592 2354 756 2416 Ecce
779 2352 939 2416 levis
960 2375 1211 2417 summo
1236 2353 1317 2418 de
1340 2356 1582 2419 vertice
1613 2356 1782 2420 visus
1803 2355 1926 2419 Iuli

590 2490 888 2554 Fundere
911 2489 1133 2557 lumen
1156 2513 1346 2577 apex,
1378 2507 1684 2578 tactuque
1709 2492 1968 2556 innoxia
1994 2491 2205 2555 mollis

587 2631 899 2695 Lambere
926 2631 1179 2693 flamma
1201 2653 1411 2695 comas
1427 2678 1444 2709 ‚
1480 2646 1546 2693 et
1576 2631 1817 2694 circum
1843 2647 2133 2717 tempora
2155 2632 2353 2717 pasci.

588 2772 719 2832 Nos
744 2771 960 2856 pavidi
985 2770 1309 2857 trepidare
1332 2786 1507 2834 metu
1528 2818 1546 2848 ‚
1584 2770 1958 2856 crinemque
1989 2770 2364 2856 flagrantem

586 2910 902 2974 Excutere
923 2958 941 2989 ,
978 2926 1044 2976 et
1066 2925 1321 2974 sanctos
1345 2910 1750 2996 restinguere
1772 2909 2061 2973 fontibus
2081 2910 2283 2996 ignes,

581 3048 665 3110 At
696 3064 883 3133 pater
914 3049 1219 3113 Anchises
1250 3050 1470 3113 oculos
1496 3048 1580 3111 ad
1610 3048 1820 3112 sidera
1851 3048 2031 3111 laetus

484 3223 489 3227 -
583 3185 828 3248 Extulit
846 3232 863 3264 ‚
892 3200 957 3247 et
988 3185 1150 3250 coelo
1180 3187 1421 3272 palmas
1449 3210 1597 3251 cum
1630 3208 1788 3250 voce
1816 3186 2129 3249 tetendit:

587 3351 616 3380 α
641 3324 897 3410 Jupiter
919 3326 1330 3413 omnipotens
1345 3373 1360 3402 ,
1387 3327 1690 3412 precibus
1710 3326 1762 3389 si
1784 3324 2062 3388 flecteris
2086 3324 2232 3387 ullis
2250 3372 2268 3403 ‚
2351 3362 2354 3367 -

581 3462 852 3548 Adspice
874 3484 995 3525 nos
1014 3486 1030 3536 3
1057 3462 1182 3528 hoc
1204 3478 1458 3526 tantum
1480 3486 1497 3526 ε
1526 3478 1592 3527 et
1608 3511 1624 3542 ,
1653 3464 1704 3527 si
1726 3464 1964 3550 pietate
1985 3462 2333 3542 meremur,

579 3604 679 3663 Da
701 3598 933 3663 deinde
957 3599 1256 3665 auxilium
1276 3646 1293 3678 ,
1321 3614 1529 3693 pater,
1558 3615 1750 3686 atque
1772 3600 1907 3663 haec
1929 3602 2146 3664 omina
2169 3601 2372 3665 firma.
2404 3633 2436 3661 ι»

668 3976 787 4039 Vix
818 4000 891 4041 ea
919 3978 1087 4040 fatus
1118 3994 1257 4041 erat
1284 3980 1525 4058 senior,
1556 3978 1899 4065 subitoque
1926 3978 2182 4063 fragore

578 4114 869 4177 Intonuit
898 4115 1126 4180 laevum
1149 4164 1169 4195 ,
1195 4133 1259 4179 et
1292 4118 1373 4181 de
1406 4116 1570 4185 coelo
1598 4102 1768 4201 lapsa
1801 4138 1921 4202 per
1949 4114 2214 4178 umbras
