3059 4809
744 375 864 436 176
1235 367 1699 430 AENEIDOS
1760 356 2054 429 LIBER
2110 368 2207 428 11.
2516 361 2681 420 *573-

732 494 1084 560 Abdiderat
1115 514 1250 557 sese
1271 539 1288 569 ,
1315 507 1512 578 atque
1542 492 1667 555 aris
1694 492 1898 557 invisa
1928 490 2215 555 sedebat.

731 634 1036 695 Exarsere
1063 627 1244 713 ignes
1273 626 1523 703 anim03
1558 626 1732 689 subit
1758 626 1856 689 ira
1884 626 2223 690 cadentem

729 768 961 837 Ulcisci
988 766 1260 854 patriam
1278 812 1296 842 ‚
1329 779 1393 828 et
1423 763 1758 829 sceleratas
1790 786 2041 829 sumere
2073 786 2319 851 poenas,

733 938 762 967 α
794 907 1055 974 Scilicet
1073 904 1208 968 haec
1231 906 1529 991 Spartam
1553 900 1890 965 incolumis
1913 902 2277 988 patriasque
2303 905 2589 989 Mycenas

729 1045 1056 1133 Adspiciet
1074 1091 1092 1121 ‚
1118 1057 1436 1131 partoque
1465 1041 1586 1104 ibit
1614 1042 1837 1127 regina
1866 1039 2241 1127 triumpho?

735 1185 1253 1270 conjugiumque
1269 1227 1288 1259 ,
1315 1178 1745 1265 domumque,
1770 1193 1987 1265 patres
2003 1226 2021 1257 ‚
2047 1194 2362 1265 natosque
2380 1226 2397 1256 ‚
2423 1179 2669 1255 videbit,

726 1322 998 1389 Iliadum
1025 1321 1217 1384 turba
1247 1333 1313 1382 et
1342 1316 1641 1403 Phrygiis
1668 1317 1970 1381 comitata
1997 1317 2349 1381 ministris?

733 1461 1063 1529 Occiderit
1093 1459 1266 1522 ferro
1296 1457 1633 1520 Priamus?
1661 1458 1850 1541 Troja
1885 1458 2114 1521 arserit
2144 1459 2322 1545 igni?

730 1600 1128 1667 Dardanium
1157 1596 1350 1661 toties
1375 1592 1620 1658 sudarit
1651 1594 1960 1679 sanguine
1989 1593 2210 1659 littus?

731 1741 876 1802 Non
898 1737 1016 1812 ita3
1042 1752 1321 1818 namque
1345 1729 1464 1793 etsi
1485 1728 1738 1793 nullum
1760 1730 2181 1794 memorabile
2202 1753 2443 1796 nomen

731 1873 1027 1939 Feminea
1051 1871 1120 1933 in
1142 1889 1332 1955 poena
1355 1881 1450 1930 est
1465 1910 1482 1937 ,
1509 1886 1632 1929 nec
1652 1864 1848 1929 habet
1872 1866 2143 1931 victoria
2170 1867 2418 1932 laudem
2440 1918 2456 1947 ,

727 2008 1079 2074 Extinxisse
1099 2004 1277 2068 nefas
1297 2019 1511 2067 tamen
1530 2049 1548 2081 ,
1577 2018 1644 2066 et
1664 2002 2002 2089 sumpsisse
2025 2004 2333 2067 merentis

726 2146 1064 2215 Laudabor
1090 2164 1310 2229 poenas
1331 2188 1348 2220 ‚
1383 2143 1799 2229 animumque
1830 2143 2112 2230 explesse
2134 2144 2387 2227 juvabit

732 2284 994 2352 Ultricis
1017 2282 1285 2345 flammae
1301 2326 1319 2359 ‚
1353 2294 1421 2343 et
1444 2280 1693 2345 cineres
1714 2281 1965 2347 satiasse
1986 2306 2303 2348 meorum.
2340 2312 2367 2341 »

814 2612 985 2678 Talia
1005 2609 1325 2695 jactabam
1345 2655 1364 2687 ,
1398 2622 1464 2671 et
1491 2607 1726 2671 furiata
1750 2625 1967 2672 mente
1994 2609 2285 2687 ferebar3

732 2752 897 2816 Cum
925 2750 1082 2815 mihi
1107 2771 1174 2813 se
1194 2797 1213 2828 ,
1246 2770 1383 2813 non
1414 2762 1567 2812 ante
1601 2748 1801 2812 oculis
1828 2764 1961 2813 tam
1990 2750 2160 2813 clara
2178 2797 2197 2829 ,
2232 2747 2562 2814 videndam

736 2889 996 2954 Obtulit
1016 2936 1034 2967 ‚
1067 2904 1133 2952 et
1155 2909 1318 2973 pura
1339 2908 1460 2975 per
1481 2901 1743 2951 noctem
1764 2886 1833 2949 in
1858 2886 2000 2951 luce
2022 2887 2274 2951 refulsit

727 3026 910 3090 Alma
938 3046 1170 3111 parens
1187 3072 1206 3105 ‚
1241 3024 1526 3088 confessa
1550 3022 1733 3087 deam
1753 3071 1770 3102 ,
1806 3023 2139 3112 qualisque
2163 3026 2371 3092 videri

726 3164 1048 3231 Coelicolis
1076 3180 1142 3229 et
1172 3180 1410 3252 quanta
1437 3164 1639 3243 solet3
1678 3165 2029 3253 dextraque
2059 3166 2448 3255 prehensum

729 3303 1072 3369 Continuit
1092 3351 1111 3382 ,
1145 3326 1460 3391 roseoque
1487 3305 1623 3369 haec
1652 3306 1914 3394 insuper
1940 3306 2185 3371 addidit
2216 3329 2369 3371 ore:

727 3471 757 3500 α
793 3446 952 3507 Nate
971 3489 990 3521 ,
1025 3442 1168 3528 quis
1189 3442 1529 3508 indomitas
1552 3458 1771 3507 tantus
1798 3444 1989 3508 dolor
2021 3446 2253 3509 excitat
2284 3445 2451 3509 iras?

726 3580 901 3665 Quid
928 3581 1126 3644 furis?
1155 3595 1264 3643 aut
1289 3602 1572 3668 quonam
1601 3583 1815 3646 nostri
1844 3583 1961 3646 tibi
1993 3606 2148 3647 cura
2178 3582 2483 3647 recessit?

722 3721 865 3782 Non
895 3719 1073 3804 prius
1106 3717 1412 3805 adspicies
1441 3721 1556 3785 ubi
1585 3721 1819 3785 fessum
1850 3738 2034 3787 aetate
2062 3738 2401 3809 parentem

718 3853 1006 3940 Liqueris
1034 3854 1395 3919 Anchisen?
1426 3873 1688 3943 superet
1718 3862 2037 3943 conjuxne
2064 3861 2305 3924 Creusa
2325 3907 2342 3937 ‚

716 3992 1147 4079 Ascaniusque
1180 3994 1384 4079 puer?
1414 4017 1578 4080 quos
1608 4020 1832 4061 omnes
1863 3997 2149 4083 undique
2180 3997 2392 4061 Graiae
