3059 4809
629 448 708 511 98
1140 440 1605 503 AENE1DOS
1665 438 1960 501 LIBER
2019 441 2071 499 1.
2411 454 2457 485 v.
2485 437 2596 485 558.

508 578 520 586 ’
622 582 913 645 Tendere
934 627 950 657 ‚
979 595 1052 643 ut
1075 578 1325 643 ltaliam
1347 576 1475 651 laeti
1501 576 1878 661 Latiumque
1901 588 2227 661 petamus3

620 718 736 783 Sin
764 719 1098 804 absumpta
1120 714 1287 779 salus
1304 762 1323 793 ,
1356 729 1423 777 et
1448 729 1513 776 te
1535 760 1552 789 ,
1587 728 1773 800 pater
1797 711 2042 799 optime
2069 714 2388 775 Teucrum
2412 761 2428 788 ,

616 859 868 918 Pontus
892 854 1089 917 habet
1115 852 1331 939 Libyae
1350 898 1369 929 ,
1402 872 1525 914 nec
1557 871 1701 936 spes
1724 850 1859 933 jam
1889 862 2087 910 restat
2115 846 2277 924 Iuli,

616 998 700 1057 At
722 994 888 1057 freta
912 992 1182 1057 Sicaniae
1204 991 1431 1055 saltem
1450 1036 1469 1067 ‚
1501 987 1812 1073 sedesque
1834 1000 2086 1071 paratas
2103 1030 2124 1063 ‚

616 1135 804 1200 Unde
826 1136 953 1200 huc
979 1133 1230 1199 advecti
1250 1178 1269 1212 ,
1303 1152 1653 1218 regemque
1673 1144 1966 1215 petamus
1985 1130 2286 1191 Acesten.
2308 1156 2338 1185 u

612 1277 869 1340 Talibus
894 1276 1213 1340 Ilioneus:
1241 1273 1459 1339 cuncti
1480 1272 1670 1336 simul
1696 1293 1812 1335 ore
1833 1268 2198 1334 fremebant

612 1382 1014 1477 Dardanidae.

693 2408 854 2467 Tum
881 2402 1172 2466 breviter
1192 2400 1363 2465 Dido
1384 2447 1402 2478 ‚
1434 2398 1688 2465 vultum
1711 2400 1980 2465 demissa
1996 2450 2014 2480 ‚
2049 2403 2344 2488 profatur
2361 2428 2380 2465 τ

613 2572 638 2600 «
674 2542 919 2607 Solvite
944 2542 1141 2607 corde
1168 2557 1411 2605 metum
1432 2589 1450 2619 ‚
1483 2542 1713 2606 Teucri
1737 2589 1755 2619 ‚
1785 2542 2092 2606 secludite
2122 2565 2326 2607 curas.

604 2686 731 2745 Res
762 2680 926 2744 dura
958 2692 1023 2742 et
1054 2680 1240 2766 regni
1266 2679 1521 2743 novitas
1548 2702 1652 2742 me
1685 2679 1835 2743 talia
1865 2694 2109 2767 cogunt
2203 2720 2208 2725 ·

605 2816 853 2895 Moliri,
888 2830 955 2879 et
986 2816 1113 2879 late
1143 2816 1303 2881 fines
1330 2815 1598 2881 custode
1628 2818 1821 2881 tueri.

606 2955 769 3037 Quis
790 2976 993 3039 genus
1014 2955 1366 3019 AEneadum
1380 3002 1397 3033 ,
1426 2957 1574 3040 quis
1595 2958 1802 3041 Trojoe
1822 2956 2062 3020 nesciat
2083 2957 2312 3019 urbem
2333 3002 2350 3034 ,

601 3088 1015 3177 Virtutesque
1034 3138 1051 3169 ,
1078 3092 1381 3177 virosque
1397 3140 1413 3169 ,
1441 3106 1552 3155 aut
1574 3093 1737 3157 tanti
1757 3092 2056 3157 incendia
2082 3092 2282 3157 belli?

602 3234 749 3293 Non
780 3229 1007 3293 obtusa
1036 3228 1198 3292 adeo
1226 3244 1544 3317 gestamus
1572 3246 1839 3318 pectora
1868 3232 2092 3307 Poeni;

601 3376 730 3436 Nec
752 3386 883 3433 tam
904 3393 1161 3437 aversus
1182 3392 1383 3457 equos
1404 3372 1594 3457 Tyria
1613 3371 1712 3437 sol
1725 3372 1945 3459 jungit
1965 3372 2047 3435 ab
2070 3372 2255 3437 urbe.

547 3540 551 3545 ·
598 3508 727 3571 Seu
748 3529 865 3570 vos
887 3508 1261 3594 Hesperiam
1281 3529 1580 3593 magnam
1591 3556 1612 3587 ,
1644 3509 2072 3594 Saturniaque
2093 3530 2246 3573 arva
2265 3554 2284 3585 ,

597 3643 746 3708 Sive
778 3630 1014 3729 Erycis*
1030 3646 1224 3724 fines,
1252 3666 1602 3731 regemque
1633 3646 1871 3734 optatis
1899 3650 2170 3711 Acesten
2191 3693 2209 3724 ‚

591 3782 842 3847 Auxilio
874 3797 1049 3847 tutos
1078 3783 1396 3849 dimittam
1416 3834 1434 3864 ‚
1466 3786 1828 3873 opibusque
1850 3787 2120 3873 juvabo.

592 3921 801 3985 Vultis
823 3935 889 3985 et
910 3921 1009 3984 his
1030 3943 1281 3985 mecum
1303 3924 1550 4009 pariter
1574 3925 1910 3989 considere
1932 3924 2192 4011 regnis?

593 4060 836 4124 Urbem
860 4081 1051 4146 quam
1072 4072 1285 4123 statuo
1308 4076 1520 4123 vestra
1545 4076 1676 4125 est:
1706 4062 2042 4127 subducite
2065 4083 2292 4127 naves:
