3059 4809
790 543 915 603 246
1255 540 1739 604 AENEIDOS
1801 540 2094 604 LIBER
2161 542 2301 602 111.
2582 546 2737 598 mn·

788 669 1001 750 Quem
1027 665 1257 730 Phoebi
1278 645 1605 752 interpres
1629 665 1836 730 multo
1860 665 2208 753 compellat
2233 665 2526 730 honore:

788 832 817 860 ιι
848 802 1169 890 Conjugio
1185 851 1204 883 ‚
1234 803 1508 868 Anchisa
1527 853 1547 883 ‚
1575 804 1848 868 Veneris
1870 803 2133 891 dignate
2158 804 2441 891 superbo
2462 851 2479 882 ,

787 944 962 1006 Cura
992 943 1183 1007 deum
1206 991 1224 1022 ‚
1253 943 1352 1008 his
1386 941 1758 1028 Pergameis
1787 956 2012 1030 erepte
2045 941 2252 1005 ruinis
2272 989 2291 1020 ,

785 1084 949 1146 Ecce
982 1081 1103 1145 tibi
1130 1080 1425 1146 Ausoniae
1454 1079 1648 1144 tellus
1665 1127 1685 1158 ‚
1713 1079 1882 1144 hanc
1911 1080 2124 1166 arripe
2153 1080 2336 1146 velis.

787 1222 867 1281 Et
894 1233 1112 1282 tamen
1135 1218 1301 1282 hane
1324 1209 1558 1305 pelago
1575 1217 2036 1304 praeterlabare
2056 1238 2318 1288 necesse
2349 1235 2448 1282 est
2465 1243 2498 1281 :-

790 1355 1088 1420 Ausoniae
1109 1379 1261 1443 pars
1284 1355 1394 1420 illa
1415 1355 1646 1442 procul
1671 1377 1865 1441 quam
1887 1355 2115 1443 pandit
2140 1355 2403 1442 Apollo.

790 1492 999 1571 Vade,
1029 1493 1149 1570 ait,
1180 1516 1220 1557 o
1251 1493 1402 1556 felix
1431 1492 1569 1557 nati
1594 1491 1872 1580 pietate!
1910 1491 2084 1576 Quid
2116 1492 2284 1556 ultra

793 1630 1154 1709 Provehor‚
1183 1645 1249 1694 et
1273 1630 1469 1694 fando
1494 1645 1832 1714 surgentes
1854 1629 2164 1694 demoror
2184 1633 2480 1695 austros?
2505 1661 2531 1688 n

888 2132 1019 2193 Nec
1042 2130 1255 2194 minus
1278 2133 1731 2200 Andromache
1747 2183 1765 2214 ,
1794 2135 2085 2222 digressu
2106 2149 2332 2199 moesta
2353 2155 2676 2221 supremo,

798 2273 949 2334 Fert
979 2252 1329 2357 picturatas
1360 2274 1499 2337 auri
1528 2275 1895 2340 subtemine
1926 2288 2136 2360 vestes
2156 2322 2173 2354 ‚

796 2411 879 2472 Et
901 2409 1250 2497 Phrygiam
1273 2411 1545 2476 Ascanio
1572 2413 2009 2502 chlamydem3
2038 2437 2161 2479 nec
2185 2412 2357 2479 cedit
2381 2411 2646 2477 honoris

795 2546 1278 2633 Textilibusque
1310 2563 1543 2613 onerat
1569 2549 1760 2614 donis
1778 2599 1797 2631 ,
1831 2573 1906 2615 ac
1937 2549 2088 2614 talia
2117 2549 2330 2615 faturt

802 2707 831 2740 α
857 2684 1095 2770 Accipe
1118 2697 1185 2747 et
1206 2683 1343 2748 haec
1358 2729 1375 2763 ,
1404 2707 1712 2750 manuum
1737 2687 1858 2751 tibi
1881 2710 2025 2774 quae
2047 2703 2470 2752 monumenta
2489 2701 2737 2752 mearum
2751 2675 2790 2716 ³⁶

798 2820 944 2885 Sint
963 2870 980 2901 ‚
1006 2789 1192 2908 puer,
1223 2840 1289 2889 et
1310 2823 1580 2911 longum
1601 2825 2067 2890 Andromachae
2089 2840 2416 2890 testentur
2435 2843 2722 2896 amorem,

799 2961 1113 3050 Conjugis
1136 2963 1493 3029 He'ctoreae.
1524 2967 1699 3053 Cape
1723 2966 1896 3031 dona
1919 2935 2491 3031 extrema-tuorum
2507 2963 2577 3041 ³⁷,

801 3103 860 3165 O
894 3101 1049 3166 mihi
1078 3101 1212 3166 sola
1239 3103 1397 3166 mihi
1427 3126 1623 3192 super
1659 3104 2054 3191 Astyanactis
2082 3104 2294 3190 imago
2315 3104 2402 3166 ³⁸!

798 3239 906 3302 Sic
935 3240 1157 3304 oculos
1176 3287 1195 3320 ,
1222 3241 1315 3306 sic
1340 3242 1450 3307 ille
1481 3266 1741 3321 manus,
1771 3244 1861 3307 sic
1893 3263 2008 3306 ora
2039 3241 2290 3305 ferebat
2308 3237 2398 3315 ³93

802 3375 881 3434 Et
907 3396 1082 3439 nunc
1113 3379 1341 3463 aequali
1371 3395 1588 3444 tecum
1619 3382 2006 3467 pubesceret
2033 3401 2172 3444 aevo
2188 3380 2268 3440 ⁴⁰.
2299 3407 2332 3434 ν

884 4213 1017 4272 Hos
1046 4231 1167 4296 ego
1198 4208 1570 4297 digrediens
1600 4207 1898 4294 lacrymis
1927 4205 2169 4272 affabar
2198 4205 2557 4270 obortis⁴¹=
