3059 4809
654 390 789 469 130'
1172 354 1649 463 'AENEmos
1709 401 2008 463 LIBER
2067 403 2164 464 11.
2316 438 2326 446 .
2469 404 2619 466 „aa

728 530 1060 595 Scinditur
1088 529 1411 591 incertum
1442 526 1652 589 studia
1685 527 1756 589 in
1787 526 2112 589 contraria
2145 527 2399 613 vulgus·

643 665 899 729 Primus
927 665 1020 728 ibi
1048 652 1198 727 ante
1227 685 1482 740 omneS‚
1521 684 1751 747 magna
1785 662 2137 726 comitante
2169 679 2423 731 caterva
2443 714 2459 743 ,

639 808 940 867 Laocoon
963 800 1197 864 ardens
1222 822 1467 873 summa
1494 799 1786 863 decurrit
1817 799 1900 862 ab
1931 821 2115 875 arce;
2345 762 2352 775 ¹

641 945 723 1005 Et
751 940 983 1028 procul
1012 964 1027 1002 z
1062 968 1090 997 α
1119 942 1178 1003 O
1208 938 1464 1016 miseri,
1497 960 1642 1024 quoe
1670 953 1846 1002 tanta
1876 937 2119 1001 insania
2141 986 2158 1013 ‚
2194 938 2398 1003 cives?

643 1077 925 1143 Creditis
955 1091 1213 1141 avectos
1243 1074 1501 1138 hostes?
1532 1089 1643 1137 aut
1676 1072 1805 1136 ulla
1834 1075 2075 1162 putatis

643 1220 833 1279 Dona
868 1235 1089 1278 carere
1120 1211 1288 1276 dolis
1318 1212 1656 1275 Danaum?
1687 1212 1776 1275 sic
1808 1226 2006 1275 notus
2034 1212 2334 1297 Ulysses?

642 1358 772 1417 Aut
800 1352 927 1416 hoc
954 1349 1185 1415 inclusi
1216 1349 1396 1435 ligno
1429 1348 1842 1412 occultantur
1869 1347 2133 1424 Achivi3

643 1489 772 1552 Aut
802 1488 937 1552 haec
966 1487 1036 1550 in
1063 1502 1325 1551 nostros
1353 1484 1664 1548 fabricata
1693 1500 1793 1548 est
1822 1484 2116 1549 machina
2145 1508 2366 1549 muros
2388 1535 2404 1565 ‚

641 1629 1015 1712 Inspectum
1037 1624 1265 1693 domos
1282 1670 1299 1702 ,
1336 1638 1739 1709 venturaque
1769 1623 2046 1711 desuper
2077 1626 2259 1703 urbi;

643 1767 772 1826 Aut
802 1763 1029 1849 aliquis
1062 1762 1219 1827 latet
1252 1783 1440 1825 error
1468 1786 1483 1823 ε
1516 1783 1688 1846 equo
1719 1784 1804 1825 ne
1834 1762 2080 1827 credite
2104 1809 2121 1841 ,
2155 1765 2410 1830 Teucri.

649 1899 987 1985 Quidquid
1016 1899 1085 1961 id
1114 1914 1208 1963 est
1229 1946 1247 1977 ,
1282 1900 1479 1962 timeo
1510 1904 1770 1963 Danaos
1795 1915 1863 1963 et
1887 1899 2060 1965 dona
2090 1901 2374 1966 ferentes
2392 1904 2441 1963 ⁴.
2480 1933 2510 1960 ι»

736 2089 843 2152 Sic
873 2087 1039 2150 fatus
1052 2133 1070 2165 ,
1110 2086 1336 2151 validis
1364 2088 1698 2174 ingentem
1728 2088 1977 2153 viribus
2010 2090 2255 2154 hastam

645 2232 723 2290 ln
754 2226 919 2289 latus
940 2226 1139 2310 inque
1168 2224 1291 2287 feri
1321 2248 1584 2291 curvam
1617 2226 2036 2312 compagibus
2065 2228 2282 2292 alvum

650 2361 987 2427 Contorsit
1022 2385 1038 2422 ε
1073 2359 1251 2424 stetit
1275 2360 1383 2424 illa
1414 2376 1702 2425 tremens
1718 2410 1738 2441 ‚
1778 2330 2094 2449 uteroque
2123 2386 2380 2429 recusso

655 2504 1009 2561 Insonuere
1044 2519 1213 2560 cavae
1244 2496 1684 2583 gemitumque
1716 2497 1952 2561 dedere
1982 2520 2308 2562 cavernae:

648 2639 759 2714 Et,
795 2636 847 2699 si
876 2636 1005 2699 fata
1026 2638 1237 2699 Deum
1256 2682 1273 2713 ,
1308 2636 1361 2699 si
1388 2657 1572 2700 mens
1597 2657 1736 2698 non
1766 2633 1923 2699 laeva
1953 2635 2206 2713 fuisset,

648 2776 999 2861 Impulerat
1026 2776 1203 2840 ferro
1234 2777 1564 2862 Argolicas
1589 2775 1832 2839 foedare
1866 2775 2184 2841 latebras:

649 2918 967 3000 Trojaque
983 2963 1000 2993 ‚
1032 2937 1209 2979 nunc
1232 2930 1431 2979 stares
1450 2962 1467 2993 ,
1497 2913 1868 2998 Priamique
1891 2938 2005 2979 arx
2033 2916 2160 2980 alta
2179 2964 2196 2990 ‚
2231 2938 2522 2981 maneres
2539 2918 2588 2978 ⁵.

737 3216 901 3277 Ecce
926 3236 1152 3279 manus
1164 3216 1471 3296 juvenem
1500 3218 1750 3281 interea
1772 3233 1920 3305 post
1941 3234 2126 3305 terga
2147 3219 2514 3284 revinctum
2535 3222 2560 3256 ⁶

651 3355 950 3413 Pastores
978 3372 1213 3437 magno
1243 3350 1325 3414 ad
1354 3373 1576 3438 regem
1607 3353 1887 3419 clamore
1917 3354 2258 3418 trahebant

649 3484 1064 3563 Dardanidae3
1098 3486 1212 3572 qui
1243 3508 1310 3549 se
1336 3487 1634 3573 ignotum
1664 3492 2072 3555 venientibus
2105 3490 2280 3554 ultro
2301 3538 2318 3567 ,

653 3628 792 3688 Hoc
818 3624 1027 3710 ipsum
1055 3640 1129 3687 ut
1157 3640 1437 3689 strueret
1457 3675 1473 3705 ,
1506 3632 1894 3716 Trojamque
1923 3631 2204 3718 aperiret
2234 3628 2524 3706 Achivis,

652 3760 1002 3824 Obtulerat
1020 3804 1037 3836 ,
1064 3759 1268 3823 fidens
1296 3763 1527 3841 animi,
1560 3779 1754 3850 atque
1784 3767 1851 3830 in
1885 3782 2232 3851 utrumque
2261 3728 2522 3851 paratus
2540 3812 2556 3842 ,

650 3899 778 3961 Seu
806 3916 1061 3960 versare
1092 3895 1310 3976 dolos,
1344 3920 1455 3961 seu
1486 3915 1680 3963 certae
1711 3904 2098 3967 occumbere
2131 3903 2351 3968 morti.

649 4030 948 4115 Undique
971 4000 1221 4097 visendi
1241 4033 1452 4100 studio
1475 4038 1749 4118 Trojana
1768 4041 2076 4121 juventus
