3059 4809
660 407 779 467 144
1139 407 1612 469 AENEIDOS
1670 407 1969 469 LIBER
2031 408 2132 470 11.
2419 423 2600 473 *0²¹9-

647 543 851 626 Terga
875 540 1044 620 dati,
1070 558 1376 629 superant
1400 545 1610 629 capite
1633 559 1700 607 et
1722 544 2084 609 cervicibus
2109 544 2275 609 altis.

644 677 761 740 Ille
792 678 979 741 simul
1010 680 1303 743 manibus
1332 678 1544 743 tendit
1576 678 1888 745 divellere
1921 682 2130 745 nodos
2152 729 2168 759 ,

644 813 948 877 Perfusus
977 814 1151 877 sanie
1183 814 1373 879 vittas
1405 830 1681 901 atroque
1710 838 2005 893 venen03

641 952 972 1017 Clamores
998 951 1187 1015 simul
1218 951 1584 1017 horrendos
1611 953 1694 1017 ad
1725 952 1936 1019 sidera
1965 954 2177 1019 tollit:

643 1091 882 1174 Quales
910 1090 1191 1177 mugitus
1212 1137 1231 1165 ,
1258 1090 1425 1175 fugit
1456 1111 1606 1153 cum
1635 1090 1888 1155 saucius
1917 1112 2094 1157 aram

638 1233 881 1292 Taurus
896 1274 916 1307 ‚
944 1243 1010 1292 et
1031 1228 1345 1293 incertam
1368 1226 1644 1290 excussit
1669 1227 1921 1292 cervice
1944 1229 2244 1293 securim.

637 1368 721 1429 At
746 1364 985 1452 gemini
1006 1364 1188 1450 lapsu
1210 1363 1481 1426 delubra
1504 1362 1587 1426 ad
1607 1328 1853 1427 summa
1879 1363 2194 1428 dracones

633 1503 969 1590 Effugiunt
982 1550 1000 1583 ‚
1028 1524 1333 1588 saevaeque
1359 1516 1596 1588 petunt
1617 1502 1970 1567 Tritonidis
1991 1525 2207 1568 arcem
2227 1528 2243 1580 3

636 1642 773 1708 Sub
794 1640 1193 1727 pedibusque
1214 1640 1349 1705 deae
1373 1640 1716 1727 clypeique
1739 1642 1860 1705 sub
1883 1642 2047 1705 orbe
2071 1656 2410 1727 teguntur.

709 2551 871 2609 Tum
896 2566 1054 2609 vero
1086 2545 1455 2609 tremefacta
1488 2567 1700 2611 novus
1728 2567 1848 2631 per
1877 2560 2141 2631 pectora
2173 2546 2423 2609 cunctis

619 2682 907 2744 Insinuat
934 2703 1175 2767 pavor3
1216 2696 1282 2744 ct
1311 2680 1517 2744 scelus
1551 2680 1930 2767 expendisse
1957 2694 2316 2743 merentem

618 2820 985 2882 Laocoonta
1012 2816 1265 2895 ferunt‘,
1301 2839 1551 2881 sacrum
1585 2819 1696 2903 qui
1726 2816 1990 2903 cuspide
2018 2816 2228 2881 robur

618 2955 879 3018 Laeserit
898 3003 915 3034 ,
952 2970 1020 3019 et
1050 2971 1237 3041 tergo
1268 2954 1643 3019 sceleratam
1680 2952 2015 3018 intorserit
2045 2952 2313 3015 hastam.
2397 2944 2416 2967 ⁰

616 3093 1001 3158 Ducendum
1032 3095 1113 3159 ad
1140 3094 1321 3159 sedes
1350 3093 1792 3171 simulacrum,
1829 3090 2203 3176 orandaque
2232 3087 2392 3153 divae

618 3228 926 3305 Numina,
963 3230 1391 3297 conclamant.

615 3366 978 3457 Dividimus
1004 3390 1225 3433 muros
1243 3414 1260 3445 ‚
1297 3382 1363 3431 et
1398 3367 1634 3430 moenia
1664 3364 2008 3451 pandimus
2037 3363 2222 3427 urbis
2241 3364 2318 3423 ¹2.

614 3504 979 3589 Accingunt
1006 3525 1231 3567 omnes
1262 3502 1487 3588 operi,
1521 3500 1923 3587 pedibusque
1956 3514 2248 3563 rotarum

614 3641 979 3725 Subjiciunt
1008 3640 1257 3726 lapsus,
1293 3656 1359 3703 et
1386 3654 1655 3727 stuppea
1688 3639 1942 3704 vincula
1976 3639 2146 3703 collo

607 3779 987 3842 Intendunt.
1022 3779 1286 3843 Scandit
1314 3744 1521 3843 fatalis
1553 3778 1847 3843 machina
1880 3801 2102 3842 muros
2123 3822 2140 3855 ,

601 3920 756 3981 Feta
786 3917 1017 3981 armis:
1039 3920 1226 4004 pueri
1260 3940 1507 3982 circum
1535 3918 1958 4005 innuptoeque
1987 3914 2218 4002 puelloe

601 4058 791 4119 Sacra
823 4071 1067 4121 canunt
1085 4103 1103 4135 ‚
1133 4056 1485 4141 funemque
1514 4074 1711 4117 manu
1740 4053 2126 4137 contingere
2159 4049 2466 4137 gaudent.
