3059 4809
596 443 713 505 102
1132 436 1597 498 AENE1DOS
1660 434 1955 495 [ABER
2014 438 2066 495 1.
2365 434 2558 496 was.

676 908 839 966 Tum
860 902 949 964 sie
971 898 1261 985 reginam
1282 896 1660 983 alloquitur,
1688 898 2062 984 cunctisque
2083 914 2353 985 repente

588 1039 981 1126 Improvisus
1002 1037 1129 1101 ait:
1159 1064 1189 1093 α
1222 1036 1459 1099 Coram
1479 1082 1497 1113 ,
1524 1058 1720 1121 quem
1748 1035 2035 1121 quaeritis
2052 1083 2070 1113 ‚
2097 1035 2316 1101 adsum

585 1182 815 1242 Troius
840 1180 1069 1240 AEneas
1089 1223 1105 1254 ,
1143 1174 1397 1261 Libyeis
1424 1188 1689 1259 ereptus
1719 1174 1800 1237 ab
1833 1174 2046 1238 undis,

591 1319 651 1380 Ο
683 1317 817 1380 sola
844 1316 1143 1380 infandos
1170 1317 1377 1400 Trojae
1406 1314 1705 1377 miserata
1735 1313 1992 1377 labores
2013 1360 2032 1391 ,
2071 1302 2075 1309 ¹

591 1460 751 1538 Quae
773 1477 895 1519 nos
908 1502 925 1533 ,
952 1420 1256 1540 reliquias
1276 1458 1572 1517 Danaum
1589 1500 1606 1531 ,
1633 1467 1952 1537 terraeque
1965 1498 1984 1529 ,
2011 1452 2330 1538 marisque
2347 1496 2366 1525 ,

590 1592 913 1658 Omnibus
936 1591 1273 1655 exhaustos
1287 1592 1423 1675 jam
1444 1590 1694 1654 casibus
1707 1636 1726 1669 ,
1755 1589 2048 1653 omnium
2071 1612 2309 1676 egenos
2329 1636 2345 1667 ,

586 1732 761 1795 Urbe
778 1778 794 1808 ‚
822 1731 1017 1796 domo
1033 1776 1050 1809 ‚
1082 1730 1315 1793 socias!
1353 1742 1566 1815 grates
1594 1728 1968 1814 persolvere
1989 1708 2214 1814 dignas

588 1875 734 1934 Non
758 1870 898 1956 opis
920 1885 1017 1933 est
1036 1883 1273 1935 nostrae
1290 1916 1306 1947 ,
1339 1868 1512 1932 Dido
1528 1915 1548 1946 ,
1574 1890 1698 1931 nec
1724 1866 2043 1954 quidquid
2061 1868 2304 1953 ubique
2335 1883 2428 1930 est

592 2008 823 2071 Gentis
855 2006 1193 2071 Dardaniae
1211 2054 1228 2085 ,
1256 2028 1562 2092 magnum
1586 2028 1729 2091 quae
1752 2011 1970 2092 sparsa
1989 2028 2110 2093 per
2133 2008 2383 2071 orbem.

594 2143 680 2207 Di
713 2143 832 2207 tibi
849 2190 866 2222 ,
894 2144 948 2206 si
976 2166 1103 2229 qua
1130 2144 1273 2228 pios
1300 2158 1670 2229 respectant
1697 2144 1964 2209 numina
1981 2190 2000 2222 ,
2033 2145 2087 2207 si
2115 2143 2271 2230 quid

598 2286 883 2368 Usquam
905 2279 1155 2366 justitia
1187 2294 1282 2343 est
1303 2325 1321 2358 ,
1354 2294 1421 2343 et
1450 2302 1633 2344 mens
1665 2282 1788 2345 sibi
1819 2284 2072 2347 conscia
2099 2282 2296 2359 recti,

595 2418 867 2483 Praemia
896 2417 1091 2503 digna
1116 2418 1349 2482 ferant.
1387 2422 1550 2501 Quae
1580 2434 1645 2482 te
1676 2434 1809 2484 tam
1837 2419 1980 2483 laeta
2011 2419 2302 2483 tulerunt

597 2552 882 2619 Saecula?
916 2554 1029 2640 qui
1059 2545 1224 2619 tanti
1255 2555 1449 2620 talem
1482 2577 1766 2640 genuere
1797 2555 2140 2641 parentes?

593 2700 669 2760 In
692 2696 859 2759 freta
881 2694 1035 2759 dum
1056 2695 1235 2761 fluvii
1256 2710 1554 2773 current,
1583 2694 1741 2759 dum
1764 2695 2096 2759 montibus
2119 2695 2363 2759 umbrae

590 2833 983 2897 Lustrabunt
1010 2854 1297 2897 convexa
1315 2879 1333 2910 ,
1361 2832 1550 2918 polus
1579 2832 1736 2895 dum
1765 2832 1977 2895 sidera
2011 2846 2226 2917 pascet
2246 2879 2264 2909 ‚

596 2972 864 3055 Semper
885 2971 1093 3036 honos
1109 3018 1126 3049 ,
1152 2992 1523 3055 nomenque
1547 2984 1728 3033 tuum
1747 3016 1764 3047 ,
1794 2944 2144 3055 laudesque
2175 2969 2524 3032 manebunt
2543 3014 2560 3043 ‚

598 3116 759 3195 Quae
785 3135 887 3175 me
913 3134 1187 3198 eumque
1208 3128 1443 3177 vocant
1465 3126 1680 3176 terrae.
1711 3140 1740 3169 u
1770 3110 1877 3174 Sic
1903 3110 2099 3188 fatus,
2128 3109 2400 3174 amicum

597 3252 840 3315 Ilionea
868 3255 1033 3337 petit
1061 3252 1287 3353 dextra
1308 3301 1327 3332 ,
1360 3253 1647 3339 laevaque
1681 3254 2091 3337 Sergestum3

599 3395 785 3467 Post,
811 3389 968 3454 alios
984 3438 1001 3468 ,
1028 3393 1396 3477 fortemque
1421 3396 1643 3477 Gyan,
1671 3392 2038 3475 fortemque
2063 3387 2476 3453 Cloanthum.

688 3530 1044 3615 Obstupuit
1063 3532 1278 3619 primo
1301 3531 1608 3617 adspectu
1632 3531 1897 3596 Sidonia
1919 3527 2090 3593 Dido
2109 3575 2126 3604 ,

602 3668 766 3733 Casu
795 3668 1030 3732 deinde
1058 3672 1182 3736 viri
1210 3687 1427 3745 tant03
1463 3687 1528 3735 et
1554 3672 1644 3735 sie
1672 3692 1787 3735 ore
1817 3668 2034 3733 locuta
2067 3680 2200 3730 est:

603 3835 631 3862 ιι
672 3807 834 3889 Quis
855 3822 921 3870 te
939 3855 956 3886 ,
980 3823 1131 3871 nate
1154 3810 1270 3874 dea
1286 3859 1303 3890 ,
1332 3833 1451 3897 per
1479 3825 1657 3874 tanta
1678 3808 1967 3896 pericula
1992 3827 2172 3870 casus

598 3946 1007 4033 Insequitur?
1031 3970 1172 4033 quae
1194 3950 1291 4012 vis
1319 3948 1706 4013 immanibus
1731 3946 2010 4032 applicat
2033 3942 2164 4007 oris
2177 3944 2204 4004 ‘a'

600 4090 777 4148 Tune
804 4086 912 4150 ille
944 4090 1169 4151 AEneas
1188 4134 1205 4168 ,
1241 4109 1435 4172 quem
1466 4084 1794 4149 Dardanio
1825 4080 2114 4146 Anchisae
