3059 4809
648 485 767 546 168
1136 482 1599 545 AENEIDOS
1663 480 1954 545 LIBER
2013 478 2110 542 11-.
2417 480 2604 536 *0286-

638 608 965 685 Miscetur,
998 606 1383 694 penitusque
1416 628 1585 673 eavae
1609 607 2032 695 plangoribus
2061 607 2225 672 sedes

642 746 957 811 Femineis
984 745 1271 810 ululant:
1294 746 1445 810 ferit
1476 768 1670 811 aurea
1701 746 1909 811 sidera
1937 746 2210 811 clamor.

644 1272 804 1332 Tum
834 1270 1077 1355 pavidae
1106 1272 1291 1337 tectis
1319 1287 1556 1335 matres
1585 1272 1958 1357 ingentibus
1985 1284 2212 1336 errant
2221 1314 2250 1349 ,.

646 1408 1094 1497 Amplexaeque
1124 1427 1352 1476 tenent
1381 1428 1630 1499 postes),
1664 1428 1858 1500 atque
1887 1412 2099 1478 oscula
2135 1414 2380 1501 figunt..

648 1546 853 1609 Instat
879 1546 945 1610 vi
970 1548 1181 1634 patria
1208 1550 1527 1634 Pyrrhus;
1567 1573 1688 1615 nec
1717 1551 1991 1615 claustra
2017 1574 2229 1637 neque
2258 1549 2390 1637 ipsi

653 1683 968 1750 Custodes
996 1689 1266 1753 sufferre
1296 1690 1541 1754 valent.
1575 1691 1773 1755 Labat
1801 1690 1999 1755 ariete
2030 1690 2266 1755 erehro

649 1825 852 1887 Janua
871 1872 889 1903 ,
927 1841 993 1889 et
1022 1829 1221 1891 emoti
1251 1829 1690 1914 procumbunt
1719 1828 1977 1893 cardine
2007 1842 2249 1914 postes„

667 2350 767 2414 Fit
796 2351 894 2416 via
922 2352 985 2417 vi
1003 2378 1029 2430 3-
1057 2370 1370 2441 rumpunt
1396 2356 1603 2420 aditus
1622 2404 1640 2435 ,
1677 2357 2045 2443 primosque
2078 2354 2414 2419 trucidant.

666 2492 931 2556 Immissi
958 2494 1163 2557 Danai
1181 2542 1203 2571 ,
1230 2510 1297 2558 et
1324 2495 1450 2559 late
1479 2495 1619 2559 loca
1647 2496 1850 2560 milite
1884 2494 2234 2582 complent.

674 3116 820 3175 Non
849 3109 939 3175 sie
959 3159 976 3190 ,
1012 3112 1350 3200 aggeribus
1378 3112 1588 3199 ruptis
1618 3133 1762 3174 eum
1792 3128 2091 3197 spumeus
2122 3108 2323 3174 amnis

673 3253 842 3317 Exiit
860 3301 878 3332 ,
912 3254 1364 3339 oppositasque
1394 3252 1586 3316 evicit
1615 3251 1871 3338 gurgite
1903 3251 2104 3315 moles
2122 3299 2140 3329 ,

674 3391 905 3452 Fertur
932 3388 1001 3451 in
1030 3410 1180 3455 arva
1206 3390 1427 3453 furens
1456 3388 1715 3453 cumulo
1737 3436 1752 3463 ,
1788 3410 2174 3475 camposque
2207 3410 2327 3474 per
2355 3407 2578 3451 omnes

677 3531 847 3594 Cum·
870 3530 1134 3594 stabulis
1162 3546 1451 3596 armenta
1482 3530 1703 3594 trahit.
1742 3531 1891 3595 Vidi
1919 3532 2053 3617 ipse
2081 3529 2405 3594 furentem
2425 3528 2477 3567 ³³

679 3669 868 3733 Caede
898 3669 1390 3765 Neoptolemum
1408 3717 1424 3748 ,
1457 3671 1874 3756 geminosque
1905 3670 1975 3733 in
2004 3667 2227 3731 limine
2260 3664 2543 3728 Atridas:

676 3809 825 3875 Vidi
852 3811 1181 3875 Hecubam
1198 3859 1215 3890 ,
1247 3827 1648 3898 centumque·
1667 3833 1902 3888 nurus,
1937 3808 2394 3891 Priamumque
2422 3826 2544 3891 per
2572 3823 2709 3866 aras

679 3916 1004 4033 Sanguine
1032 3948 1378 4013 foedantem
1401 3973 1564 4037 quos
1589 3951 1726 4036 ipse
1752 3961 2110 4012 sacraverat
2135 3946 2356 4031 ignes·-

680 4085 1165 4174 Qiinquaginta
1194 4088 1287 4151 illi
1318 4089 1575 4154 thalami
1594 4136 1610 4165 ,
1647 4104 1790 4173 spes
1819 4102 1999 4151 tanta
2026 4098 2340 4171 nepotum
2360 4129 2378 4159 ,
