3059 4809
640 455 769 519 210
1110 444 1578 512 AENEIDOS
1634 441 1930 504 LIBER
1987 441 2129 502 111.
2457 438 2618 493 v·45·

642 587 802 647 Nam
835 575 1200 664 Polydorus
1226 596 1349 661 ego
1377 598 1393 635 z
1427 571 1535 636 hic
1566 569 1890 634 confixum
1919 567 2128 632 ferrea
2159 567 2320 632 texit

644 717 949 782 Telorum
978 734 1195 800 seges,
1232 726 1297 775 et
1321 707 1552 795 jaculis
1581 706 1859 772 increvit
1888 705 2114 770 acutis.
2154 733 2182 764 n

734 1351 895 1412 Tum
921 1368 1080 1412 vero
1108 1342 1374 1430 ancipiti
1402 1355 1690 1404 mentem
1717 1338 2066 1404 formidine
2094 1360 2350 1425 pressus

651 1485 1011 1571 Obstupui,
1049 1495 1505 1565 steteruntque
1535 1499 1768 1555 comm,
1804 1491 1872 1542 et
1899 1501 2025 1543 vox
2049 1478 2340 1542 faucibus
2369 1453 2575 1545 haesit.

650 1613 839 1674 Hunc
870 1606 1271 1694 Polydorum
1303 1602 1443 1666 auri
1475 1600 1804 1687 quondam
1835 1623 1981 1665 cum
2014 1602 2306 1689 pondere
2331 1625 2568 1691 magno

649 1744 879 1812 Infelix
910 1743 1201 1807 Priamus
1232 1739 1457 1805 furtim
1487 1738 1823 1803 mandarat
1851 1739 2155 1804 alendum

650 1885 946 1950 Threicio
976 1882 1117 1969 regi
1136 1929 1155 1962 ,
1193 1902 1338 1945 cum
1362 1880 1499 1964 jam
1529 1876 1853 1942 diffideret
1883 1880 2078 1942 armis

652 2023 993 2088 Dardaniae
1014 2068 1031 2098 ,
1066 2021 1363 2107 cingique
1394 2020 1627 2083 urbem
1656 2016 1994 2083 obsidione
2024 2017 2298 2083 videret.

655 2160 775 2224 Ille
794 2205 811 2236 ,
849 2173 923 2221 ut
952 2178 1109 2242 opes
1139 2155 1355 2218 fractae
1382 2159 1701 2218 Teucrum
1720 2201 1738 2234 ,
1777 2170 1844 2218 et
1872 2154 2134 2219 fortuna
2163 2155 2424 2220 recessit
2441 2203 2460 2235 ,

659 2302 785 2361 Res
814 2290 1349 2380 Agamemnonias
1377 2291 1795 2377 victriciaque
1826 2314 2002 2356 arma
2034 2308 2287 2357 secutus
2305 2340 2323 2370 ,

656 2437 773 2500 Fas
803 2453 995 2498 omne
1024 2429 1351 2516 abrumpit
1370 2476 1387 2506 ,
1422 2427 1825 2516 Polydorum
1855 2431 2204 2495 obtruncat
2221 2479 2239 2509 ‚
2275 2447 2342 2495 et
2371 2454 2529 2496 auro

657 2573 737 2638 Vi
765 2570 1037 2659 potitur.
1075 2566 1251 2652 Quid
1280 2589 1417 2632 non
1447 2567 1746 2631 mortalia
1777 2583 2046 2654 pectora
2077 2568 2255 2657 cogis
2274 2616 2293 2648 ,

656 2711 813 2776 Auri
841 2730 1015 2773 sacra
1044 2707 1286 2770 fames?
1317 2710 1669 2791 Postquam
1699 2727 1906 2792 pavor
1935 2729 2078 2772 ossa
2105 2708 2370 2795 reliquit
2388 2755 2407 2788 ,

660 2847 962 2913 Delectos
990 2845 1219 2933 populi
1246 2844 1326 2909 ad
1352 2865 1658 2932 proceres
1678 2893 1696 2922 ‚
1729 2846 2146 2933 primumque
2175 2861 2514 2935 parentem
2536 2899 2554 2928 ,

659 2988 947 3048 Monstra
975 2981 1169 3046 deum
1202 2979 1414 3045 refero
1433 3028 1450 3059 ,
1487 2997 1554 3045 et
1583 3003 1727 3070 quae
1756 2983 1838 3046 sit
1869 2983 2195 3048 sententia
2221 3009 2444 3072 posco.

666 3117 990 3184 Omnibus
1016 3117 1189 3183 idem
1217 3117 1465 3182 animus
1496 3120 1807 3184 scelerata
1836 3122 2144 3187 excedere
2175 3139 2387 3222 terra3

665 3257 899 3346 Linqui
925 3256 1248 3345 pollutum
1278 3256 1632 3344 hospitium
1651 3306 1669 3337 ,
1707 3274 1773 3324 et
1799 3259 1951 3326 dare
1981 3261 2286 3328 classibus
2313 3277 2586 3328 austros.

666 3400 839 3482 Ergo
867 3395 1292 3459 instauramus
1319 3394 1653 3482 Polydoro
1683 3396 1877 3462 funus
1896 3444 1914 3476 ‚
1949 3414 2016 3462 et
2043 3397 2269 3485 ingens
2302 3402 2357 3440 ¹⁰

667 3531 1013 3618 Aggeritur
1045 3532 1293 3595 tumulo
1325 3531 1516 3597 tellus
1544 3557 1560 3596 ε
1595 3550 1769 3600 stant
1797 3539 2088 3602 Manibus
2115 3559 2240 3600 arae
2259 3583 2276 3614 ,

670 3666 975 3732 Caeruleis
1003 3673 1242 3732 moes'tae
1270 3667 1449 3733 vittis
1477 3686 1745 3758 atraque
1773 3696 2112 3759 cupress03

666 3808 749 3870 Et
776 3804 1020 3868 circum
1050 3803 1276 3869 Iliades
1305 3806 1552 3872 crinem
1589 3808 1671 3873 de
1701 3832 1882 3874 more
1915 3809 2162 3874 solutae.

665 3941 1007 4006 Inferimus
1035 3941 1255 4029 tepido
1285 3947 1649 4030 spumantia
1679 3948 1931 4033 cymbia
1961 3947 2126 4013 lacte
2143 3995 2160 4026 ,

670 4081 1011 4166 Sanguinis
1038 4097 1105 4146 et
1133 4085 1293 4148 sacri
1323 4100 1578 4172 pateras
1597 4133 1614 4164 ,
1651 4087 2056 4174 animamque
2085 4090 2384 4175 sepulcro
