3059 4809
681 428 801 490 164-
1156 424 1634 487 AENEIDOS
1693 426 1990 491 LIBER
2039 428 2136 487 ll.
2443 426 2643 481 v.445.

672 549 970 615 Culmina
992 506 1405 627 convellunt3
1434 549 1532 613 his
1555 572 1622 614 se
1638 596 1656 627 ,
1686 550 1946 635 quando
1969 549 2196 613 ultima
2217 565 2498 616 cernunt
2513 598 2534 629 ‚

666 690 967 753 Extrema
981 690 1114 772 jam
1135 688 1206 752 in
1226 702 1438 752 morte
1460 702 1692 775 parant
1717 687 2065 752 defendere
2090 684 2233 749 telis
2252 708 2269 746 ε

662 825 1058 913 Auratasque
1081 827 1299 890 trabes
1318 875 1336 906 ,
1361 841 1652 891 veterum
1675 825 1909 889 decora
1929 824 2054 888 alta
2073 838 2423 911 parentum
2439 871 2457 902 ,

662 963 1075 1028 Devolvuntz
1107 962 1214 1025 alii
1241 963 1479 1026 strictis
1507 962 1924 1027 mucronibus
1952 961 2108 1025 imas

664 1100 997 1165 Obsedere
1026 1099 1227 1177 fores3
1255 1100 1367 1164 has
1396 1115 1659 1165 servant
1682 1099 1938 1185 agmine
1967 1097 2193 1161 denso.

660 1237 1005 1301 Instaurati
1036 1237 1232 1301 animi
1264 1238 1433 1323 regis
1460 1257 1838 1300 succurrere
1870 1234 2054 1302 tectis
2071 1280 2089 1312 ,

660 1375 1042 1462 Auxilioque
1066 1376 1279 1442 levare
1306 1374 1479 1441 viros
1494 1422 1511 1453 ,
1541 1375 1801 1460 vimque
1823 1373 2058 1437 addere
2080 1371 2287 1437 victis·

746 2260 972 2324 Limen
996 2276 1135 2325 erat
1151 2308 1168 2339 ,
1201 2284 1508 2348 caecaeque
1535 2264 1708 2328 fores
1723 2311 1739 2343 ,
1765 2280 1835 2333 et
1856 2264 2116 2350 pervius
2141 2287 2287 2327 usus
2303 2248 2354 2303 ³5

653 2404 996 2464 Tectorum
1016 2399 1189 2463 inter
1210 2422 1277 2463 se
1299 2401 1572 2479 Priami,
1601 2417 1944 2488 postesque
1965 2402 2174 2467 relicti

656 2538 710 2599 A
734 2552 921 2624 tergo
936 2585 954 2616 ,
979 2537 1201 2602 infelix
1223 2561 1350 2624 qua
1372 2561 1439 2602 se
1455 2587 1473 2618 ,
1499 2538 1657 2603 dum
1679 2562 1879 2625 regna
1902 2540 2246 2603 manebant
2262 2587 2279 2617 ,

657 2675 897 2762 Saepius
919 2675 1365 2740 Andromache
1388 2676 1560 2739 ferre
1582 2676 1952 2740 incomitata
1979 2675 2224 2773 solebat

657 2810 758 2874 Ad
778 2833 1033 2876 soceros
1050 2859 1067 2890 ,
1096 2827 1162 2876 et
1184 2833 1303 2876 avo
1326 2835 1601 2899 puerum
1624 2815 2007 2899 Astyanacta
2031 2812 2348 2876 trahebat.

650 2948 869 3012 Evado
898 2949 980 3013 ad
1006 2948 1235 3013 summi
1268 2949 1513 3036 fastigia
1544 2949 1840 3013 culminis
1859 2996 1876 3027 ,
1903 2949 2075 3013 unde

650 3084 801 3151 Tela
828 3050 1020 3150 nfanu
1049 3086 1264 3150 miseri
1282 3088 1615 3170 jactabant
1639 3087 1823 3150 irrita
1849 3088 2100 3151 Teucri.

649 3224 905 3288 Turrim
927 3222 995 3287 in
1021 3224 1333 3312 praecipiti
1352 3240 1629 3288 stantem
1644 3272 1662 3302 ,
1690 3224 2077 3309 summisque
2103 3225 2222 3287 sub
2250 3240 2417 3287 astra

647 3360 958 3426 Eductam
988 3364 1171 3427 tectis
1192 3410 1209 3441 ,
1238 3362 1412 3427 unde
1442 3363 1652 3426 omnis
1682 3363 1873 3446 Troja
1903 3362 2143 3439 videri,

646 3502 728 3562 Et
756 3504 1049 3563 Danaum
1076 3501 1276 3565 solitae
1301 3522 1497 3564 naves
1518 3547 1536 3578 ,
1565 3515 1631 3563 et
1656 3499 1894 3566 Achaia
1924 3514 2129 3563 castra
2148 3546 2166 3577 ,

644 3639 943 3726 Aggressi
968 3637 1142 3701 ferro
1176 3638 1416 3702 circum
1433 3685 1449 3716 ,
1480 3660 1608 3723 qua
1637 3660 1880 3701 summa
1907 3637 2196 3701 labantes

640 3785 985 3844 Juncturas
1016 3777 1297 3841 tabulata
1322 3778 1564 3842 dabant
1583 3825 1599 3856 ‚
1632 3777 2054 3842 convellimus
2084 3777 2228 3839 altis

644 3918 949 3997 Sedibus,
973 3917 1490 4003 impulimusque.
1518 3921 1608 3981 Ea
1631 3918 1800 4003 lapsa
1828 3916 2099 4003 repente
2124 3917 2378 3983 ruinam

642 4056 807 4119 Cum
832 4056 1049 4120 sonitu
1074 4054 1301 4133 trahit,
1330 4071 1395 4119 et
1416 4061 1712 4120 Danaum
1735 4078 1930 4141 super
1951 4056 2206 4140 agmina
2231 4054 2359 4119 late
