3059 4809
647 432 730 494 62
1151 428 1625 493 AENEIDOS
1689 431 1983 494 LIBER
2041 435 2094 493 1.
2442 434 2626 494 v.¹52·

647 589 741 646 Ac
762 582 963 648 veluti
981 602 1217 666 magno
1239 580 1309 643 in
1331 580 1578 667 populo
1602 604 1750 645 cum
1770 604 1937 669 saepe
1961 598 2184 646 coorta
2208 600 2303 647 est

647 719 893 786 Seditio
912 767 930 798 ,
956 718 1262 804 saevitque
1288 718 1514 782 animis
1537 718 1825 805 ignobile
1847 718 2079 807 vulgus
2101 746 2119 796 3

638 862 911 942 Jamque
934 857 1102 920 faces
1122 871 1190 919 et
1209 878 1354 919 saxa
1376 856 1636 933 volant3
1665 857 1850 921 furor
1873 880 2049 921 arma
2075 859 2398 923 ministrat
2426 886 2441 923 ε

638 1002 800 1061 Tum
815 1042 833 1075 ,
861 984 1099 1082 pietate
1121 1016 1384 1080 gravem
1410 1016 1483 1062 ac
1505 994 1755 1059 meritis
1775 994 1829 1059 si
1850 995 2022 1060 forte
2044 996 2258 1063 virum
2284 1022 2478 1085 quem

641 1133 1053 1220 Conspexere
1071 1176 1088 1208 ,
1119 1130 1312 1193 silent
1330 1177 1348 1208 ‚
1375 1131 1773 1218 arrectisque
1798 1135 2063 1199 auribus
2086 1136 2377 1216 adstant3

635 1274 752 1338 Ille
776 1274 945 1360 regit
964 1271 1154 1336 dictis
1179 1271 1426 1335 animos
1445 1318 1464 1351 ‚
1491 1287 1557 1356 et
1578 1286 1845 1358 pectora
1867 1274 2130 1339 mulcet.

638 1416 743 1479 Sic
766 1429 1038 1478 cunctus
1059 1411 1270 1499 pelagi
1294 1409 1527 1475 cecidit
1549 1411 1792 1497 fragor,
1820 1434 2080 1499 aequora
2100 1428 2442 1500 postquam

636 1563 1046 1652 Prospiciens
1067 1562 1352 1649 genitor,
1379 1561 1675 1648 coeloque
1696 1561 1995 1628 invectus
2012 1580 2243 1651 aperto
2262 1612 2283 1644 ,

631 1705 866 1769 Flectit
885 1726 1088 1791 equos
1107 1750 1124 1782 ,
1151 1724 1480 1789 curruque
1499 1702 1727 1767 volans
1748 1702 1860 1766 dat
1882 1702 2024 1766 lora
2047 1704 2357 1768 secundo,

717 1918 967 1982 Defessi
986 1916 1278 1981 AEneadae
1297 1962 1314 1994 ,
1345 1936 1488 2002 quae
1508 1915 1801 2002 proxima
1820 1958 1838 1993 ‚
1871 1914 2094 1979 littora
2116 1938 2307 1981 cursu

635 2054 1060 2118 Contendunt
1080 2071 1304 2140 petere
1324 2101 1341 2132 ,
1371 2068 1438 2117 et
1458 2054 1677 2138 Libyae
1702 2068 2052 2119 vertuntur
2073 2055 2155 2120 ad
2178 2078 2343 2121 oras.

659 2352 666 2359 ,
719 2285 830 2344 Est
850 2280 920 2343 in
941 2301 1188 2343 secessu
1211 2280 1410 2365 longo
1433 2279 1617 2343 locus
1640 2304 1658 2344 ε
1685 2281 1889 2345 insula
1913 2298 2182 2369 portum
2210 2284 2265 2324 ¹⁶

630 2422 842 2485 Efficit
862 2420 1123 2504 objectu
1146 2419 1422 2484 laterum
1437 2466 1456 2499 ‚
1488 2419 1723 2505 quibus
1747 2420 1956 2484 omnis
1978 2422 2061 2484 ab
2087 2420 2218 2485 alto

629 2559 972 2646 Frangitur
997 2560 1196 2646 inque
1225 2559 1401 2623 sinus
1422 2557 1658 2621 scindit
1680 2580 1814 2622 sese
1839 2558 2012 2623 unda
2035 2558 2359 2633 reductos·

523 2690 529 2695 ⁷
626 2698 793 2763 Hinc
817 2713 1012 2784 atque
1033 2698 1396 2763 hinevastoe
1417 2717 1615 2783 rupes
1638 2694 2009 2781 geminique
2032 2697 2363 2762 minantur

625 2842 701 2901 In
723 2836 954 2900 coelum
977 2833 1264 2920 scopuli,
1292 2854 1571 2918 quorum
1594 2833 1716 2896 sub
1737 2833 1983 2897 vertice
2006 2833 2133 2898 late

626 2979 906 3060 AEquora
927 2989 1065 3038 tuta
1086 2972 1278 3037 silent
1299 2997 1316 3050 3
1351 2987 1491 3036 tum
1516 2971 1692 3036 silvis
1719 2994 1907 3035 scena
1932 2972 2212 3036 coruscis
2238 2972 2286 3013 ¹⁷

623 3119 938 3200 Desuper,
955 3100 1393 3198 'horrentique
1417 3128 1633 3176 atrum
1655 3134 1882 3175 nemus
1906 3111 2201 3176 imminet
2223 3112 2478 3177 umbra.

577 3268 586 3281 ·
627 3256 868 3316 Fronte
889 3253 1008 3316 sub
1029 3252 1294 3317 adversa
1317 3251 1599 3339 scopulis
1617 3250 2061 3338 pendentibus
2082 3266 2343 3315 antrum
2362 3277 2379 3329 3

621 3398 802 3457 Intus
824 3414 1002 3477 aquae
1024 3391 1242 3455 dulces
1261 3436 1279 3467 ‚
1312 3389 1591 3474 vivoque
1614 3387 1836 3452 sedilia
1858 3410 2007 3451 saxo
2025 3434 2043 3465 ‚

627 3532 1059 3620 Nympharum
1082 3530 1314 3595 domus
1341 3551 1356 3589 :
1390 3525 1495 3589 hic
1517 3526 1708 3588 fessas
1728 3548 1864 3589 non
1889 3526 2145 3590 vincula
2164 3547 2361 3590 naves

625 3672 764 3737 Ulla
787 3681 1015 3733 tenent
1032 3714 1049 3745 ‚
1077 3690 1248 3731 unco
1271 3688 1405 3729 non
1428 3664 1646 3751 alligat
1668 3664 1950 3729 anchora
1971 3688 2193 3729 morsu
2218 3667 2299 3729 ¹⁸.

623 3816 763 3876 Huc
785 3824 1034 3897 septem
1056 3811 1284 3871 AEneas
1307 3804 1885 3878 collectisnavibus
1909 3805 2089 3868 omni

621 3951 714 4013 Ex
732 3969 1008 4014 numero
1033 3928 1241 4022 subit3
1269 3967 1342 4009 ac
1358 3989 1377 4022 ,
1403 3966 1643 4029 magno
1666 3941 1916 4005 telluris
1943 3964 2162 4006 amore
2190 3938 2245 3980 ¹9

619 4089 910 4173 Egressi,
939 4102 1158 4175 optata
1179 4084 1522 4173 potiuntur
1544 4088 1743 4147 Troes
1766 4101 1957 4143 arena
1979 4127 1997 4156 ,
