3059 4809
568 434 647 492 94
1082 432 1549 496 AENEIDOS
1608 396 1904 498 unna
1963 436 2016 495 1.
2213 416 2228 427 ‘
2353 438 2533 487 nm.

564 583 930 668 Dispuierat
951 628 966 655 ‚
1002 583 1389 671 penitusque
1420 582 1572 645 alias
1601 598 1896 647 avexerat
1926 602 2094 647 oras.

566 719 922 805 Obstupuit
943 718 1132 783 simul
1160 722 1297 808 ipse
1318 767 1335 799 ,
1365 720 1554 785 simul
1577 744 1915 809 percussus
1937 724 2214 789 Achates

562 858 933 943 Laetitiaque
962 873 1269 944 metuque
1297 884 1313 921 z
1342 858 1511 925 avidi
1540 861 1937 945 conjungere
1969 859 2228 927 dextras

562 996 893 1061 Ardebant
915 1022 932 1072 ς
966 997 1078 1061 sed
1101 1019 1205 1061 res
1234 999 1481 1063 animos
1506 999 1842 1084 incognita
1861 1002 2108 1065 turbat.

561 1135 1012 1213 Dissimulant;
1048 1150 1114 1198 et
1140 1136 1315 1199 nube
1340 1158 1491 1202 cava
1522 1136 1940 1222 speculantur
1968 1138 2218 1217 amicti,

565 1275 727 1356 Quae
747 1271 1010 1336 fortuna
1032 1272 1188 1337 viris
1207 1320 1224 1351 ,
1253 1272 1515 1337 classem
1547 1296 1680 1359 quo
1703 1274 1926 1338 littore
1950 1274 2249 1361 linquant
2267 1326 2285 1357 ‚

563 1411 739 1495 Quid
768 1412 1061 1489 veniant3
1096 1414 1342 1477 cunctis
1370 1436 1519 1478 nam
1550 1415 1702 1509 lecti
1723 1416 1995 1481 navibus
2021 1416 2204 1479 ibant

562 1552 842 1614 Orantes
868 1553 1119 1616 veniam
1139 1600 1155 1629 ,
1186 1569 1252 1617 ct
1274 1555 1590 1641 templum
1611 1555 1894 1619 clamore
1923 1556 2254 1643 petebant.

644 2394 992 2477 Postquam
1013 2390 1424 2477 introgressi,
1462 2406 1529 2455 et
1557 2412 1774 2463 coram
1802 2392 1951 2456 data
1973 2394 2156 2479 copia
2181 2391 2355 2456 fandi
2378 2439 2394 2464 ‚

557 2526 862 2591 Maximus
888 2527 1170 2592 Ilioneus
1200 2528 1453 2614 placido
1486 2527 1576 2592 sic
1601 2545 1868 2615 pectore
1897 2530 2091 2616 coepit
2108 2530 2162 2570 ³⁶
2190 2556 2206 2593 :

561 2692 588 2719 α
616 2667 675 2727 Ο
700 2665 920 2750 regina
935 2712 951 2743 ,
984 2689 1221 2731 novam
1254 2668 1358 2729 cui
1380 2666 1662 2731 condere
1695 2669 1953 2753 Jupiter
1981 2669 2212 2733 urbem
2233 2716 2250 2745 ,

553 2805 590 2864 J
597 2801 937 2889 ustitiaque
966 2804 1145 2867 dedit
1173 2820 1397 2891 gentes
1425 2805 1686 2869 frenare
1717 2806 2026 2893 superbas
2045 2851 2062 2882 ,

554 2944 753 3003 Troes
779 2955 845 3004 te
866 2941 1082 3005 miseri
1100 2988 1117 3019 ,
1151 2941 1363 3005 ventis
1396 2942 1596 3005 maria
1629 2942 1843 3005 omnia
1872 2939 2080 3017 vecti,

558 3082 835 3142 Oramus
862 3104 877 3142 :
907 3079 1181 3166 prohibe
1210 3078 1509 3144 infandos
1541 3103 1578 3143 a
1603 3080 1874 3144 navibus
1903 3080 2084 3165 ignes
2104 3127 2121 3157 ,

556 3217 759 3277 Parce
787 3214 898 3302 pio
924 3216 1183 3301 generi,
1218 3232 1284 3279 et
1311 3196 1579 3305 propius
1608 3239 1710 3281 res
1740 3190 1995 3302 adspice
2024 3230 2306 3279 nostras,

554 3357 699 3416 Non
720 3374 842 3415 nos
863 3368 973 3415 aut
1000 3354 1177 3417 ferro
1198 3354 1473 3438 Libycos
1500 3354 1814 3440 populare
1845 3357 2120 3418 Penates

508 3574 521 3583 ·
552 3490 859 3554 Venimus
875 3536 893 3569 ,
920 3506 1029 3555 aut
1058 3506 1275 3579 raptas
1300 3490 1380 3554 ad
1404 3490 1624 3554 littora
1653 3505 1908 3555 vertere
1929 3488 2176 3575 praedas
2203 3513 2220 3550 ε

554 3630 699 3691 Non
728 3650 802 3691 ea
824 3627 918 3692 vis
948 3631 1161 3693 animo
1182 3676 1199 3707 ,
1226 3650 1347 3693 nec
1379 3641 1558 3691 tanta
1581 3627 1880 3716 superbia
1908 3624 2114 3690 victis.

553 3766 668 3825 Est
696 3764 875 3828 locus
892 3811 909 3842 ,
943 3765 1315 3850 Hesperiam
1339 3764 1520 3830 Graii
1550 3762 1935 3849 cognomine
1966 3757 2190 3823 dicunt
2212 3760 2289 3837 ³⁷,

550 3906 745 3965 Terra
771 3902 1034 3988 antiqua
1054 3949 1071 3979 ,
1092 3921 1341 3991 zpotens
1370 3905 1564 3969 armis
1585 3919 1778 3989 atque
1809 3901 2011 3965 ubere
2034 3899 2274 3985 glebae3

552 4040 831 4103 OEnotri
862 4038 1104 4103 colueri
1135 4040 1259 4105 viri
1292 4065 1307 4102 ε
1338 4062 1512 4103 nunc
1544 4039 1710 4101 fama
1737 4036 2024 4099 minores
