3059 4809
610 496 692 556 60
1127 484 1593 551 AENEIDOS
1649 458 1939 544 mmm
1993 481 2051 561 1.
2386 492 2435 522 v·
2461 471 2571 519 128·

697 950 952 1012 Interea
972 968 1207 1033 magno
1242 942 1494 1007 misceri
1523 960 1854 1004 murmure
1877 951 2151 1024 pontum
2170 937 2255 1035 ’.4,

611 1086 1045 1170 Emissamque
1067 1082 1347 1147 hiemem
1369 1080 1569 1144 sensit
1601 1083 1937 1166 Neptunus
1958 1126 1976 1155 ,
2014 1092 2079 1141 et
2101 1076 2243 1140 imis

613 1229 854 1313 Stagna
880 1213 1104 1289 refusa'
1119 1222 1296 1288 vadis
1315 1270 1332 1301 ‚
1361 1220 1646 1307 graviter
1668 1232 2030 1282 commotus
2050 1208 2081 1295 ,'
2096 1232 2162 1279 et
2186 1215 2315 1279 alto

611 1366 1019 1455 Prospiciens
1035 1412 1052 1443 ‚
1088 1385 1334 1427 summa
1363 1359 1685 1447 placidum
1708 1373 1901 1445 eaput
1924 1356 2152 1420 extulit
2178 1355 2374 1418 unda.

613 1508 964 1592 Disjeetam
996 1508 1208 1569 AEneae
1239 1517 1382 1567 toto
1410 1501 1587 1566 videt
1614 1522 1873 1586 aequore
1907 1497 2202 1574 classem,

613 1646 943 1711 Fluctibus
964 1666 1306 1731 oppressos
1331 1648 1528 1707 Troas
1562 1639 1836 1725 coelique
1866 1638 2076 1701 ruina.

614 1777 745 1837 Nee
769 1772 1016 1837 latuere
1039 1770 1174 1834 doli
1197 1769 1465 1833 fratrem
1486 1772 1524 1831 J
1528 1764 1763 1830 unonis
1785 1779 1850 1826 et
1882 1764 2016 1826 irae.

703 1914 946 1974 Eurum
969 1908 1048 1972 ad
1072 1932 1138 1972 se
1161 1907 1658 1995 Zephyrumque
1681 1918 1901 1982 vocat,
1937 1902 2173 1967 dehinc
2201 1901 2350 1965 talia
2374 1901 2549 1963 fatur
2580 1925 2598 1961 z

624 2038 970 2112 &Tantane
992 2070 1106 2111 vos
1133 2048 1386 2132 generis
1417 2046 1626 2110 tenuit
1647 2042 1878 2107 fiducia
1911 2042 2149 2106 vestri?

616 2193 761 2253 ,Iam
785 2186 1017 2251 coelum
1039 2202 1406 2272 terramque
1429 2208 1574 2250 meo
1598 2188 1735 2249 sine
1760 2186 2026 2250 numine
2047 2233 2064 2264 ‚
2092 2185 2308 2261 venti,

623 2324 892 2389 Miscere
909 2372 926 2403 ‚
955 2340 1021 2387 et
1044 2340 1254 2388 tantas
1276 2324 1520 2388 audetis
1547 2324 1775 2387 tollere
1799 2323 2050 2388 moles?

625 2466 808 2546 Quos
831 2486 976 2549 ego,
991 2509 1006 2525 .
1021 2510 1036 2526 .
1067 2463 1194 2528 Sed
1219 2478 1430 2527 motos
1452 2479 1713 2550 praestat
1736 2487 2131 2552 componere
2153 2464 2379 2526 fluctus
2393 2510 2409 2540 ,

623 2606 782 2666 Post
803 2602 962 2665 mihi
983 2624 1120 2666 non
1143 2601 1334 2665 simili
1359 2625 1552 2688 poena
1576 2603 1909 2667 commissa
1932 2602 2141 2665 luetis·

624 2746 938 2805 Maturate
964 2742 1211 2827 fugam,
1242 2741 1510 2827 regique
1534 2741 1669 2805 haec
1691 2740 1886 2804 dicite
1909 2755 2126 2804 vestro
2150 2763 2166 2802 z

627 2884 773 2943 Non
793 2879 888 2943 illi
909 2879 1250 2966 imperium
1273 2878 1518 2967 pelagi,
1543 2900 1910 2964 saevumque
1932 2877 2280 2941 tridentem
2303 2925 2321 2956 ,

632 3010 761 3073 Sed
781 3012 939 3075 mihi
959 3026 1135 3075 sorte
1157 3012 1399 3075 datum.
1427 3015 1632 3075 Tenet
1652 2990 1765 3075 ille
1784 3010 2085 3073 immania
2108 3032 2253 3072 saxa
2269 3058 2287 3087 ,

629 3149 886 3212 Vestras
906 3197 923 3228 ,
956 3154 1125 3213 Eure
1142 3196 1160 3228 ‚
1189 3150 1414 3214 domos
1443 3174 1459 3212 ε
1492 3150 1600 3213 illa
1622 3173 1688 3214 se
1703 3152 1907 3234 jactet
1933 3150 2001 3212 in
2023 3148 2163 3211 aula

630 3289 848 3355 AEolus
862 3337 880 3368 ‚
908 3306 974 3354 et
996 3290 1210 3354 clauso
1234 3306 1579 3355 ventorum
1602 3310 1859 3354 earcere
1882 3302 2134 3374 reg-net.
2172 3317 2201 3345 ι»

718 3428 825 3492 Sic
848 3428 935 3490 ait
953 3475 970 3506 ,
998 3444 1064 3493 et
1086 3428 1262 3493 dicto
1287 3429 1473 3493 citius
1494 3412 1741 3493 tumida
1764 3450 2024 3515 aequora
2043 3427 2255 3513 placat
2281 3427 2335 3465 ¹⁵
2356 3473 2373 3504 ,

635 3568 1084 3652 Collectasque
1105 3568 1286 3653 fugat
1307 3570 1512 3631 nubes
1529 3616 1546 3647 ‚
1575 3568 1906 3655 solemque
1932 3568 2204 3631 reducit.

635 3706 1001 3795 Cymothoe
1021 3752 1038 3783 ,
1067 3706 1256 3769 simul
1286 3722 1352 3771 et
1374 3707 1603 3770 Triton
1626 3707 1892 3771 adnixus
1910 3756 1926 3786 ,
1954 3702 2145 3778 acuto

635 3846 1010 3909 Detrudunt
1030 3865 1224 3908 naves
1247 3844 1512 3931 scopulo
1534 3871 1549 3921 3
1580 3844 1750 3910 levat
1772 3846 1907 3932 ipse
1933 3844 2200 3909 tridenti
2223 3892 2239 3922 ,

637 3989 718 4049 Et
745 4002 946 4050 vastas
967 3987 1176 4073 aperit
1201 4001 1408 4071 syrtes
1426 4034 1441 4064 ‚
1471 4001 1537 4049 et
1566 4000 1881 4072 temperat
1908 4006 2129 4070 aequor
2152 4009 2167 4058 3

638 4127 848 4210 Atque
873 4124 1030 4188 rotis
1058 4147 1332 4189 summas
1355 4123 1605 4189 levibus
1628 4123 1985 4209 perlabitur
2010 4121 2236 4185 undas,
