3059 4809
611 418 725 479 174
1092 401 1564 474 AENEmoS
1621 410 1916 474 LIBER
1977 413 2071 473 ιι.
2371 410 2568 457 msa·

598 540 842 605 Extulit
870 561 943 603 ac
973 538 1160 602 lateri
1188 537 1419 624 capulo
1451 552 1638 600 tenus
1670 535 1916 601 abdidit
1946 558 2188 601 ensem.

599 684 751 744 Haec
778 676 925 741 finis
952 676 1193 740 Priami
1219 675 1542 749 sator-unu
1574 674 1682 740 hic
1713 676 1920 739 exitus
1945 674 2132 739 illum

598 816 793 881 Sorte
815 813 965 877 tulit
979 861 997 891 ‚
1023 815 1277 898 Trojam
1300 813 1624 877 incensam
1647 828 1713 877 et
1733 813 2034 899 prolapsa
2062 811 2389 879 videntem

595 958 905 1041 Pergama
921 1001 940 1033 ,
966 966 1067 1017 tot
1088 954 1415 1039 quondam
1438 953 1697 1040 populis
1719 953 2037 1039 terrisque
2061 954 2412 1038 superbum

595 1094 1028 1177 Regnatorem
1053 1090 1234 1154 Asiae.
1265 1094 1447 1155 Jacet
1472 1074 1700 1176 ingens
1721 1088 1942 1155 littore
1966 1105 2234 1157 truncus
2252 1139 2269 1170 ,

596 1228 1027 1314 Avulsumque
1047 1227 1331 1292 humeris
1353 1242 1545 1314 caput
1561 1276 1578 1306 ,
1607 1243 1673 1292 et
1696 1229 1832 1293 sine
1853 1230 2116 1294 nomine
2143 1252 2400 1317 corpus·

688 2137 770 2199 At
792 2158 896 2200 me
920 2150 1056 2200 tum
1078 2136 1360 2223 primum
1382 2161 1584 2204 saevus
1607 2138 2030 2204 circumstetit
2051 2136 2286 2202 horror
2305 2164 2322 2214 ς

605 2272 967 2359 Obstupui:
996 2274 1189 2337 subiit
1219 2273 1349 2339 cari
1378 2274 1689 2361 genitoris
1717 2276 1926 2363 imago
1941 2274 2020 2350 ³⁵,

603 2412 691 2476 Ut
720 2432 939 2497 regem
969 2432 1317 2496 oequaevum
1348 2409 1596 2475 crudeli
1627 2412 1898 2477 vulnere
1927 2413 2060 2477 vidi

600 2548 813 2612 Vitam
840 2548 1273 2626 exhalantem3
1307 2550 1502 2615 subiit
1530 2551 1784 2615 deserta
1818 2552 2090 2631 creusa,

601 2689 681 2750 Et
710 2686 962 2773 direpta
990 2686 1251 2763 domus,
1278 2702 1345 2751 et
1372 2688 1556 2774 parvi
1586 2711 1762 2753 casus
1791 2688 1935 2752 Iuli.

602 2824 931 2910 Respicio‚
959 2840 1025 2889 et
1054 2847 1194 2911 quoe
1226 2824 1307 2889 sit
1334 2848 1437 2889 me
1468 2827 1711 2891 circum
1741 2828 1926 2916 copia
1956 2828 2188 2892 lustro.

603 2969 961 3028 Deseruere
990 2985 1213 3027 omnes
1240 2961 1503 3043 defessi,
1532 2979 1598 3028 et
1627 2986 1903 3051 corpora
1930 2966 2096 3030 saltu

604 3103 704 3166 Ad
731 3117 969 3165 terram
1000 3101 1263 3178 misere,
1292 3117 1401 3165 aut
1430 3101 1688 3187 ignibus
1717 3124 1885 3189 aegra
1915 3102 2178 3167 dedere.

598 3242 869 3325 Jamque
888 3235 1047 3300 adeo
1068 3258 1261 3324 super
1286 3260 1449 3301 unus
1470 3260 1646 3303 eram
1667 3238 1720 3280 ³⁶
1737 3264 1754 3316 3
1783 3262 1930 3304 cum
1957 3240 2178 3304 limina
2197 3242 2406 3306 Vestae
2418 3241 2472 3282 ³⁷

604 3358 980 3446 Servantem
1007 3393 1070 3440 et
1092 3377 1347 3441 tacitam
1370 3394 1614 3442 secreta
1638 3379 1705 3443 in
1729 3378 1878 3443 sede
1901 3379 2208 3443 latentem

599 3515 961 3605 Tyndarida
983 3513 1262 3602 adspicio
1284 3538 1300 3577 z
1328 3514 1487 3578 dant
1509 3516 1680 3581 clara
1702 3518 1998 3583 incendia
2019 3516 2228 3582 lucem

599 3654 859 3719 Erranti
875 3700 893 3731 ‚
920 3650 1279 3740 passimque
1307 3651 1530 3717 oculos
1562 3677 1680 3741 per
1712 3670 1943 3720 cuncta
1970 3656 2228 3719 ferenti.

597 3794 714 3861 Illa
742 3793 864 3856 sibi
893 3790 1157 3855 infestos
1182 3814 1403 3857 eversa
1430 3795 1519 3859 ob
1554 3799 1864 3881 Pergama
1888 3799 2168 3859 Teucros
2187 3840 2204 3872 ‚

596 3939 679 3997 Et
706 3903 929 4019 poenas
954 3934 1247 3995 Danaum
1268 3978 1285 4008 ,
1320 3946 1386 3997 et
1416 3933 1656 3997 deserti
1686 3934 1980 4019 conjugis
2008 3933 2135 3995 iras
2155 3979 2172 4009 ,

596 4055 1060 4143 Praemetuen3‚
1087 4069 1291 4151 Trojae
1315 4084 1381 4133 et
1406 4069 1630 4155 patriae
1659 4069 2016 4132 communis
2038 4068 2315 4154 Erinnys
2333 4115 2352 4147 ,
