3059 4809
722 448 843 509 162
1207 386 1673 506 AEssJElDOS
1733 442 2028 503 LIBER
2089 442 2187 502 11.
2496 436 2677 491 νοω.

710 572 893 635 Ilicet
918 570 1255 635 obruimur
1277 588 1552 632 numero
1577 590 1592 628 ε
1620 566 1995 652 primusque
2024 564 2341 629 Coroebus
2363 612 2380 641 ,

714 708 978 774 Penelei
1004 707 1227 772 dextra
1243 753 1260 784 ,
1287 706 1448 769 divae
1479 702 1928 789 armipotentis
1955 701 2037 765 ad
2064 674 2240 765 aram
2256 750 2274 781 ,

714 844 1124 911 Procumbit:
1157 842 1325 907 cadit
1346 858 1411 905 et
1432 841 1718 927 Rhipeus
1733 887 1751 918 ,
1771 839 2154 923 justissimus
2177 862 2345 903 unus

714 986 847 1070 Qui
874 984 993 1047 fuit
1020 984 1091 1046 in
1115 982 1376 1047 Teucris
1394 1028 1412 1060 ,
1440 997 1508 1045 et
1530 980 2046 1045 servantissimus
2075 980 2279 1065 aequi:

712 1120 829 1184 Dis
848 1119 1035 1182 aliter
1059 1120 1285 1183 visum.
1312 1121 1600 1181 Pereunt
1622 1117 2036 1203 Hypanisque
2052 1165 2070 1196 ‚
2097 1121 2463 1202 Dymasque
2485 1164 2502 1192 ‚

714 1257 969 1321 Confixi
996 1279 1032 1319 a
1060 1256 1284 1320 sociis:
1314 1278 1437 1320 nec
1469 1271 1534 1319 te
1564 1270 1674 1319 tua
1704 1256 1981 1343 plurima
1997 1303 2015 1334 ,
2042 1254 2298 1318 Panthu
2318 1303 2335 1332 ‚

708 1396 1059 1459 Labentem
1092 1394 1294 1481 pietas
1321 1416 1444 1458 nec
1472 1393 1786 1479 Apollinis
1819 1392 2020 1456 infula
2052 1391 2234 1456 texit.

708 1533 886 1597 Iliaci
915 1533 1163 1598 cineres
1178 1579 1197 1611 ,
1228 1548 1295 1596 et
1323 1532 1575 1595 flamma
1606 1547 1888 1595 extrema
1917 1554 2209 1595 meorum
2229 1579 2247 1610 ,

711 1675 962 1751 Testor,
990 1671 1058 1735 in
1088 1694 1316 1735 occasu
1346 1687 1565 1737 vestro
1580 1718 1599 1749 ,
1635 1692 1757 1734 nec
1785 1670 1912 1734 te'la
1939 1693 2061 1735 nec
2096 1670 2254 1735 ullas

710 1809 1021 1874 Vitavisse
1050 1807 1219 1872 vices
1246 1810 1576 1882 Danaum3
1605 1822 1670 1869 et
1688 1853 1706 1884 ‚
1733 1805 1786 1869 si
1813 1806 1944 1868 fata
1976 1805 2244 1869 fuissent

714 1951 801 2013 Ut
831 1946 1157 2025 caderem,
1191 1947 1495 2009 meruisse
1526 1968 1745 2008 manu.
1780 1943 2164 2009 Divellimur
2190 1943 2342 2007 inde
2364 1991 2380 2021 ‚

714 2084 961 2169 Iphitus
983 2098 1048 2146 et
1071 2084 1279 2148 Pelias
1302 2107 1552 2148 mecum
1569 2132 1585 2163 ,
1615 2107 1892 2170 quorum
1914 2084 2160 2171 Iphitus
2182 2106 2316 2148 aevo

714 2228 857 2287 Jam
880 2223 1159 2309 gravior,
1188 2223 1395 2287 Pelias
1419 2238 1485 2288 et
1504 2225 1773 2289 vulnere
1796 2225 2018 2290 tardus
2037 2224 2307 2311 Ulyssei.

723 2927 1028 2991 Protinus
1056 2925 1137 2989 ad
1166 2926 1345 2989 sedes
1373 2926 1613 2991 Priami
1643 2927 1922 2992 clamore
1952 2928 2185 2993 vocati.

725 3064 844 3127 Hic
865 3087 1021 3129 vero
1043 3066 1370 3151 ingentem
1392 3086 1677 3151 pugnam
1697 3113 1715 3144 ,
1742 3088 1858 3130 ceu
1885 3082 2098 3130 cetera
2117 3088 2431 3152 nusquam

726 3213 901 3277 Bella
920 3213 1169 3291 forent,
1198 3211 1361 3275 nulli
1384 3228 1521 3276 tota
1548 3230 1958 3279 morerentur
1980 3215 2050 3278 in
2070 3216 2268 3280 urbe:

728 3349 832 3413 Sic
854 3352 1121 3413 Martem
1142 3349 1528 3413 indomitum
1547 3397 1562 3424 ‚
1591 3353 1972 3436 Danaosque
1993 3350 2076 3414 ad
2096 3366 2264 3415 tecta
2286 3364 2550 3415 ruentes

730 3484 1100 3566 CernimuS,
1127 3490 1583 3572 obsessumque
1611 3502 1750 3553 acta
1779 3488 2098 3552 testudine
2127 3486 2348 3550 limen.

726 3625 988 3687 Haerent
1015 3625 1361 3710 parietibus
1385 3624 1566 3689 scalae
1582 3672 1598 3695 ‚
1627 3640 1969 3712 postesque
1997 3626 2116 3689 sub
2142 3625 2314 3711 ipsos

727 3761 1033 3825 Nituntur
1058 3761 1355 3847 gradibus
1374 3786 1390 3836 3
1419 3760 1808 3848 clypeosque
1830 3762 1911 3825 ad
1935 3764 2059 3827 tela
2080 3764 2351 3827 sinistris

726 3902 1015 3964 Protecti
1038 3900 1385 3983 objiciunt3
1421 3914 1730 3988 prensant
1758 3899 1999 3987 fastigia
2033 3903 2294 3966 dextris·

725 4037 1104 4102 Dardanidae
1134 4051 1357 4101 eontra
1387 4054 1598 4102 turres
1628 4059 1701 4100 ac
1733 4052 1900 4101 tecta
1929 4038 2268 4103 domorum
