3059 4809
634 422 716 483 96
1150 418 1615 483 AENEmos
1676 418 1964 481 LIBER
2021 419 2073 479 1.
2179 498 2184 503 .
2406 414 2585 475 νων.

628 569 874 633 ltaliam
896 568 1125 633 dixisse
1143 617 1161 647 ,
1187 568 1367 634 ducis
1394 570 1477 633 de
1504 568 1771 633 nomine
1787 615 1805 646 ,
1841 582 2123 655 gentem.

631 707 773 770 Huc
802 726 1021 770 cursus
1050 704 1172 770 fuit
1198 729 1215 767 ε

623 1567 789 1631 Cum
810 1566 1026 1630 subito
1047 1587 1385 1665 assurgens
1402 1564 1605 1630 fluctu
1626 1566 1959 1629 nimbosus
1982 1564 2196 1631 Orion

624 1710 701 1770 111
721 1704 883 1771 vada
903 1726 1065 1769 ooeca
1094 1704 1241 1769 tulit
1260 1751 1277 1783 ,
1310 1704 1698 1791 penitusque
1721 1704 2106 1791 procacibus
2128 1702 2359 1766 austris
2383 1746 2399 1779 ,

623 1850 880 1932 Perque
903 1846 1104 1910 undas
1122 1894 1141 1925 ,
1168 1842 1510 1932 superante
1535 1845 1669 1910 salo
1690 1891 1708 1923 ,
1742 1866 1988 1931 perque
2013 1840 2186 1908 invia
2208 1864 2351 1906 saxa
2370 1887 2389 1918 ‚

623 1980 941 2068 Dispulit3
974 1980 1101 2046 hue
1127 1983 1314 2069 pauci
1339 1983 1570 2047 vestris
1591 1980 1966 2047 adnavimus
1987 1982 2141 2046 oris.

626 2117 823 2201 Quod
831 2139 1031 2202 genus
1043 2118 1169 2182 hoc
1183 2119 1543 2199 hominum,
1563 2140 1782 2205 quaeve
1796 2118 1972 2183 hunc
1986 2133 2122 2213 tam
2132 2118 2406 2183 barbara
2421 2134 2680 2200 morem

623 2252 954 2318 Permittit
972 2254 1223 2340 patria?
1251 2252 1536 2342 hospitio
1555 2254 1980 2341 prohibemur
2007 2258 2252 2317 arenae!

622 2388 799 2454 Bella
821 2390 995 2453 cient
1015 2437 1032 2468 ,
1063 2390 1400 2477 primaque
1423 2405 1645 2455 vetant
1669 2392 2020 2456 consistere
2049 2394 2257 2455 terra!

622 2528 695 2594 Si
716 2551 919 2614 genus
940 2528 1290 2595 humanum
1312 2546 1378 2595 et
1408 2531 1705 2596 mortalia
1729 2530 2014 2596 temnitis
2035 2552 2209 2593 arma
2231 2577 2248 2608 ,

622 2672 710 2733 At
725 2683 978 2757 sperate
1000 2669 1155 2733 deos
1178 2692 1497 2736 memores
1517 2670 1694 2735 fandi
1720 2686 1913 2757 atque
1944 2670 2228 2736 nefandi.

621 2810 759 2871 Rex
779 2822 917 2870 erat
937 2810 1164 2871 AEneas
1183 2808 1375 2871 nobis
1392 2855 1411 2886 ‚
1446 2830 1580 2893 quo
1594 2808 1833 2893 justior
1851 2809 2016 2872 alter

622 2946 754 3007 Nec
774 2946 1016 3031 pietate
1036 2945 1159 3009 fuit
1176 2992 1194 3024 ,
1227 2968 1350 3011 nec
1374 2945 1552 3010 bello
1573 2948 1780 3030 major
1801 2960 1868 3009 et
1889 2945 2084 3009 armis
2107 2966 2125 3007 ε

625 3081 837 3161 Quem
858 3080 911 3143 si
932 3081 1061 3145 fata
1085 3080 1296 3145 virum
1318 3095 1580 3145 servant
1601 3128 1618 3158 ,
1653 3080 1706 3143 si
1729 3080 2010 3144 vescitur
2031 3100 2186 3143 aura
2271 3156 2276 3161 p

620 3216 916 3281 AEtherea
934 3263 951 3295 ,
994 3238 1206 3301 neque
1233 3216 1443 3281 adhuc
1472 3216 1842 3283 crudelibus
1871 3217 2145 3281 occubat
2173 3215 2417 3279 umbris
2431 3261 2450 3293 ‚

620 3357 766 3418 Non
794 3366 1001 3417 metus
1029 3353 1244 3419 officio
1273 3376 1358 3418 ne
1390 3370 1455 3419 te
1484 3369 1761 3419 certasse
1784 3354 2072 3440 priorem

619 3490 961 3555 Poeniteat.
997 3493 1165 3557 Sunt
1192 3506 1259 3555 et
1287 3491 1515 3556 Siculis
1539 3493 1910 3579 regionibus
1931 3492 2126 3557 urbes
2145 3537 2163 3569 ‚

547 3720 559 3731 ·
617 3629 912 3713 Arvaque
930 3672 948 3705 ‚
976 3631 1386 3714 Trojanoque
1408 3651 1445 3692 a
1466 3630 1776 3716 sanguine
1799 3629 2010 3694 clarus
2029 3632 2311 3693 Acestes.

617 3764 989 3845 Quassatam
1020 3764 1229 3828 ventis
1250 3765 1441 3830 liceat
1462 3767 1821 3833 subducere
1844 3766 2109 3831 classem
2129 3813 2147 3843 ,

616 3902 697 3963 Et
718 3902 893 3967 silvis
911 3919 1135 3989 aptare
1157 3900 1371 3970 trabes
1388 3954 1407 3986 ‚
1438 3924 1505 3971 et
1528 3910 1850 3994 stringere
1873 3930 2089 3971 remos
2109 3954 2126 3983 ,

620 4037 689 4101 Si
718 4038 907 4104 datur
930 4038 1174 4102 Italiam
1196 4086 1215 4118 ‚
1251 4042 1438 4105 sociis
1468 4058 1535 4105 et
1562 4064 1715 4127 rege
1747 4057 2010 4129 recepto
2032 4088 2048 4118 ,

891 4321 903 4335 .
942 4288 985 4343 'P'
