3059 4809
620 510 704 571 58
1135 506 1603 573 AENEIDOS
1669 498 1958 569 LIBER
2020 510 2074 572 1.
2378 526 2425 557 v.
2455 510 2563 558 10⁶·

695 647 868 711 Talia
881 647 1154 731 jactanti
1173 646 1456 712 stridens
1477 647 1803 733 Aquilone
1825 636 2113 735 procella

608 785 839 849 Velum
869 786 1133 850 adversa
1164 787 1316 850 ferit
1336 834 1354 866 ,
1393 786 1755 872 fluctusque
1784 786 1866 850 ad
1889 785 2099 850 sidera
2123 786 2319 851 tollit.

609 931 1027 1013 Franguntur
1049 926 1211 990 remi
1239 952 1256 991 z
1281 942 1420 991 tum
1450 948 1649 1013 prora
1670 925 1907 991 avertit
1926 974 1943 1005 ,
1976 941 2041 989 et
2065 927 2257 990 undis

610 1080 739 1140 Dat
771 1077 967 1155 latus3
998 1077 1362 1163 insequitur
1384 1076 1645 1141 cumulo
1668 1093 2034 1165 praeruptus
2063 1101 2241 1166 aquae
2274 1100 2483 1142 mons.

613 1228 695 1290 Hi
717 1251 967 1293 summo
995 1228 1065 1292 in
1095 1228 1295 1292 fluctu
1322 1228 1647 1315 pendent:
1677 1230 1775 1293 his
1805 1229 1975 1293 unda
2009 1229 2343 1294 dehiscens

612 1386 876 1445 Terram
906 1382 1080 1445 inter
1112 1381 1346 1447 fluctus
1367 1381 1577 1468 aperit
1604 1404 1621 1443 ε
1649 1381 1811 1446 furit
1831 1396 2017 1445 aestus
2048 1381 2282 1447 arenis.

612 1537 769 1596 Tres
790 1522 994 1597 Notus
1024 1534 1323 1620 abreptas
1351 1533 1421 1596 in
1449 1555 1595 1596 saxa
1624 1531 1891 1618 latentia
1924 1524 2189 1617 torquet
2218 1555 2235 1593 τ

614 1686 773 1748 Saxa
801 1701 1037 1750 vocant
1060 1684 1204 1748 Itali
1231 1683 1459 1749 mediis
1483 1706 1625 1771 quae
1649 1682 1719 1747 in
1742 1682 2041 1747 fluctibus
2065 1684 2220 1747 Aras
2238 1732 2256 1761 ,

611 1847 892 1907 Dorsum
920 1842 1200 1905 immane
1221 1842 1388 1906 mari
1409 1864 1685 1905 summO.
1711 1844 1865 1903 Tres
1894 1842 2103 1903 Eurus
2131 1840 2214 1903 ab
2236 1840 2369 1902 alto

611 1991 688 2049 In
710 1987 934 2052 brevia
962 2004 1027 2051 et
1059 2006 1267 2075 syrtes
1295 2006 1490 2077 urget
1509 2039 1526 2070 ,
1557 1988 1923 2053 miserabile
1945 1989 2115 2051 visu!

612 2136 941 2224 Illiditque
963 2139 1169 2217 vadis,
1197 2155 1391 2226 atque
1421 2163 1656 2227 aggere
1687 2104 1889 2225 cingit
1912 2161 2143 2201 arenae‘.

614 2294 820 2355 Unam
837 2337 857 2369 ‚
886 2313 1028 2376 quae
1049 2292 1278 2376 Lycios
1301 2290 1633 2378 fidumque
1658 2292 1938 2356 vehebat
1959 2294 2282 2356 Orontem
2303 2338 2319 2368 ‚

611 2441 822 2529 Ipsius
845 2457 994 2504 ante
1026 2440 1252 2504 oculos
1277 2439 1510 2525 ingens
1531 2462 1569 2503 a
1592 2440 1835 2504 vertice
1866 2455 2109 2527 pontus

611 2596 690 2655 In
718 2592 991 2678 puppim
1021 2590 1208 2665 ferit3
1237 2590 1585 2671 excutitur,
1620 2615 1998 2679 pronusque
2021 2590 2324 2677 magister

613 2742 915 2807 Volvitur
940 2744 1009 2822 in
1037 2757 1263 2830 caput3
1293 2757 1390 2805 ast
1411 2741 1587 2807 illam
1611 2760 1714 2807 ter
1736 2743 1969 2807 fluctus
1998 2742 2241 2806 ibidem

609 2902 896 2982 Torquet
918 2917 1114 2982 agens
1135 2895 1379 2959 circum
1393 2942 1410 2973 ,
1439 2909 1505 2958 et
1528 2895 1793 2982 rapidus
1813 2911 2000 2960 vorat
2023 2916 2284 2981 aequore
2312 2908 2569 2957 vortex.

611 3045 942 3131 Apparent
971 3043 1104 3108 rari
1125 3061 1353 3109 nantes
1378 3046 1447 3109 in
1475 3044 1731 3131 gurgite
1752 3054 1939 3108 'vasto
1968 3068 1984 3106 ε

612 3198 808 3259 Arma
827 3195 1039 3261 virum
1061 3244 1080 3275 ,
1109 3197 1470 3284 tabulaeque
1497 3244 1514 3276 ,
1550 3213 1615 3261 et
1644 3202 1835 3261 Troia
1857 3219 2009 3283 gaza
2038 3218 2157 3283 per
2182 3194 2407 3259 undaS.

611 3350 650 3410 J
653 3369 756 3409 am
785 3344 1059 3411 validam
1081 3347 1310 3413 Ilionei
1331 3371 1564 3413 navem
1578 3396 1596 3427 ,
1622 3351 1759 3433 jam
1780 3347 1967 3413 fortis
1988 3346 2243 3411 Achatae
2258 3394 2277 3425 ,

615 3501 695 3562 Et
727 3520 854 3584 qua
883 3515 1108 3563 vectus
1130 3500 1300 3563 Abas
1319 3546 1336 3577 ,
1371 3514 1436 3562 et
1461 3522 1588 3585 qua
1613 3500 1990 3586 grandaevus
2012 3498 2274 3563 Alethes
2293 3546 2310 3577 ,

617 3646 784 3724 Vicit
807 3645 1009 3709 hiems
1037 3672 1054 3709 :
1087 3647 1243 3712 laxis
1269 3648 1545 3714 laterum
1569 3649 1987 3737 compagibus
2013 3670 2239 3713 omnes

615 3795 954 3882 Accipiunt
981 3795 1312 3862 inimicum
1332 3798 1608 3864 imbrem
1626 3848 1643 3879 ,
1679 3800 1986 3886 rimisque
2004 3800 2335 3864 fatiscunt.
