3059 4809
447 413 456 426 Ι
564 460 642 521 78
1067 456 1538 519 AENfflDos
1598 455 1893 519 Lmen
1952 459 2005 518 1.
2339 472 2387 503 v.
2425 426 2555 503 καί

552 618 845 703 ιΜοι·ιῑιΙὶε
860 664 880 696 ,
908 639 1033 681 nec
1059 640 1188 682 vox
1215 615 1548 681 hominem
1576 631 1798 689 sonat:
1837 640 1878 679 o
1908 615 2027 680 dea
2057 624 2268 683 certe!

559 766 662 825 An
692 759 921 825 Phoebi
952 782 1164 838 soror,
1201 782 1284 823 an
1316 760 1760 847 Nympharum
1789 760 2115 846 sanguinis
2143 762 2315 824 una?

556 900 657 964 Sis
677 899 829 963 felix
847 945 866 979 ‚
893 914 1319 987 nostrumque
1342 897 1517 963 leves
1534 944 1553 975 ,
1582 920 2005 984 quaecumque
2024 946 2043 978 ,
2070 898 2398 977 laborem3

554 1043 635 1102 Et
668 1060 800 1123 quo
830 1036 952 1103 sub
981 1035 1144 1099 ooelo
1177 1035 1442 1099 tandem
1461 1082 1478 1111 ‚
1511 1034 1749 1119 quibus
1780 1034 1963 1099 orbis
1992 1036 2065 1099 in
2094 1037 2226 1101 oris

552 1181 591 1239 J
596 1166 908 1254 amemur,
939 1173 1210 1239 doceas:
1241 1173 1450 1260 ignari
1478 1174 1946 1260 hominumque
1968 1174 2393 1262 locorumque

556 1319 861 1383 Erramus
878 1359 895 1393 ‚
935 1329 1133 1379 vento
1162 1313 1291 1377 huc
1321 1327 1387 1376 et
1417 1309 1610 1377 vastis
1638 1312 1942 1376 fluctibus
1965 1313 2116 1377 acti.

557 1452 758 1517 Multa
781 1451 902 1516 tibi
923 1466 1074 1516 ante
1107 1472 1246 1514 aras
1265 1465 1491 1514 nostra
1514 1430 1700 1515 oadet
1721 1450 1931 1515 hostia
1953 1450 2200 1514 dextra.
2238 1480 2266 1521 ρ

643 1824 806 1921 ‘l'um
832 1859 1088 1921 Venus:
1121 1883 1152 1913 ι
1177 1854 1364 1919 Haud
1385 1852 1689 1939 equidem
1710 1853 1825 1916 tali
1850 1874 1956 1916 me
1978 1853 2217 1955 dignor
2237 1853 2490 1918 honore
2505 1852 2589 1915 ²⁹.

556 1991 936 2079 Virginibus
955 1989 1166 2076 Tyriis
1195 2012 1338 2054 mos
1365 2005 1462 2054 est
1489 2004 1743 2076 gestare
1771 1988 2143 2075 pharetram
2163 2036 2181 2066 ,

465 2168 470 2175 ·
557 2137 1030 2217 purpureoque
1057 2128 1184 2192 alte
1211 2150 1389 2192 suras
1415 2128 1663 2194 vincire
1694 2127 2045 2191 cothurno.

557 2268 805 2332 Punica
826 2286 1021 2351 regna
1043 2263 1222 2330 vides
1241 2311 1258 2342 ,
1283 2266 1510 2350 Tyrios
1526 2312 1545 2343 ‚
1573 2281 1639 2329 et
1666 2265 1979 2352 Agenoris
2000 2267 2265 2338 urbemz

561 2407 692 2473 Sed
720 2407 882 2471 fines
909 2403 1174 2491 Libyci,
1203 2426 1408 2491 genus
1435 2404 1847 2469 intractabile
1876 2405 2077 2470 bello·

558 2545 910 2632 Imperium
935 2542 1107 2608 Dido
1133 2512 1326 2636 Tyria
1355 2542 1526 2628 regit
1552 2543 1717 2606 urbe
1748 2543 2039 2636 profecta
2059 2591 2075 2621 ,

560 2683 958 2745 Germanum
987 2679 1278 2765 fugiens:
1311 2678 1507 2765 longa
1541 2694 1638 2743 est
1666 2678 1900 2764 injuria
1922 2729 1939 2760 ,
1973 2681 2184 2769 longae

534 2820 913 2904 ‚Ambage33
951 2815 1064 2881 sed
1090 2836 1335 2879 summa
1366 2838 1598 2904 sequar
1627 2816 1875 2906 fastigia
1908 2841 2152 2883 rerum.

589 3308 602 3322 ’
661 3319 690 3349 »
711 3284 876 3351 Huic
911 3288 1146 3371 conjux
1177 3284 1458 3349 Sichaeus
1487 3301 1624 3349 erat
1641 3332 1661 3365 ‚
1693 3284 2040 3349 ditissimus
2070 3287 2209 3373 agri
2280 3366 2297 3383 ο

565 3425 948 3501 Phoenieum
966 3470 985 3503 ,
1011 3439 1076 3487 et
1103 3444 1340 3507 magno
1364 3421 1612 3485 miserae
1644 3422 1917 3489 dilectus
1944 3388 2205 3487 amore:
2262 3516 2270 3523 -

565 3568 689 3631 Cui
711 3578 897 3653 pater
918 3559 1223 3624 intactam
1246 3558 1549 3637 dederat,
1581 3561 1935 3647 primisque
1953 3564 2209 3646 jugarat
2283 3552 2307 3570 ¹*
2347 3555 2404 3638 s]

569 3702 934 3771 Ominibus·
963 3698 1093 3761 Sed
1121 3720 1323 3783 regna
1347 3698 1502 3785 Tyri
1532 3721 1878 3785 germanus
1907 3699 2187 3763 habebat
2242 3669 2258 3685 ο

566 3838 945 3931 Pygmalion
961 3884 978 3915 ,
1005 3835 1246 3899 scelere
1272 3850 1425 3900 ante
1452 3835 1612 3900 alios
1633 3835 1974 3900 immanior
1998 3858 2245 3900 omnes,

567 3988 749 4068 Quos
771 3980 945 4043 inter
974 3972 1222 4039 medius
1255 3974 1430 4037 venit
1453 3974 1638 4040 furor
1664 3999 1680 4038 ε
1707 3975 1818 4038 ille
1852 3975 2169 4041 Sichaeum

564 4121 803 4208 Impius
823 4131 973 4180 ante
997 4136 1136 4179 aras
1151 4160 1171 4192 ‚
1201 4127 1396 4198 atque
1425 4114 1565 4181 auri
1592 4136 1793 4178 caecus
1815 4136 2034 4179 amore
2055 4161 2073 4192 ,
