3059 4809
584 478 664 539 88
1095 474 1562 539 AENEIDOS
1622 474 1915 536 LIBER
1970 474 2025 533 Ι.
2362 465 2547 523 ”⁴⁴⁵-

669 618 876 679 Lucus
905 614 975 678 in
1004 614 1166 677 urbe
1199 613 1322 677 fuit
1351 610 1561 675 media
1580 658 1597 686 ‚
1634 610 1989 674 laetissimus
2017 610 2244 673 umbra
2260 658 2278 689 ‚

585 756 735 835 Quo
764 748 1044 838 primum
1069 748 1294 834 jactati
1326 746 1514 812 undis
1543 761 1609 808 et
1646 745 1907 811 turbine
1940 746 2126 809 Poeni

584 888 883 953 Effodere
917 888 1062 952 loco
1095 887 1348 975 signum
1367 932 1386 963 ,
1415 884 1593 969 quod
1622 884 1799 969 regia
1818 888 1995 947 Juno

583 1030 1000 1099 Meum-arat,
1027 1037 1221 1109 caput
1253 1021 1418 1085 acris
1439 1021 1627 1107 equi;
1656 1020 1745 1084 sic
1772 1042 1927 1085 nam
1956 1017 2098 1085 fore
2128 1020 2305 1085 bello

583 1161 922 1249 Egregium
952 1175 1018 1224 et
1048 1160 1300 1225 facilem
1326 1160 1500 1224 victu
1534 1180 1656 1246 per
1688 1158 1915 1222 saecula
1944 1154 2229 1244 gentem.

585 1302 708 1367 Hic
736 1302 1050 1390 templum
1080 1305 1120 1364 J
1124 1302 1329 1365 unoni
1356 1300 1585 1386 ingens
1610 1299 1875 1365 Sidonia
1896 1296 2067 1362 Dido

586 1438 928 1507 Condebat
946 1485 964 1517 ,
998 1438 1186 1502 donis
1215 1438 1600 1527 opulentum
1632 1454 1697 1501 et
1725 1436 1991 1502 numine
2022 1436 2223 1513 divae3

588 1578 776 1639 AErea
799 1575 904 1639 cui
923 1575 1227 1661 gradibus
1249 1577 1604 1661 surgebant
1626 1573 1850 1643 limina
1864 1622 1883 1653 ,
1911 1596 2219 1663 nexaeque

589 1716 739 1777 AEre
764 1714 978 1777 trabes
998 1760 1015 1791 ,
1049 1713 1299 1777 foribus
1327 1713 1522 1777 cardo
1546 1713 1860 1777 stridebat
1880 1712 2124 1777 ahenis,-

591 1854 732 1915 Hoc
755 1852 1038 1937 primum
1060 1852 1129 1916 in
1149 1852 1298 1915 luco
1329 1872 1500 1915 nova
1522 1873 1627 1914 res
1655 1848 1873 1913 oblata
1895 1849 2195 1914 timorem

591 1989 802 2054 Leniit
836 2014 852 2051 ε
888 1990 994 2054 hic
1023 1991 1307 2075 primum
1332 1994 1563 2057 AEneas
1586 2012 1843 2076 sperare
1865 1989 2136 2054 salutem

593 2128 800 2189 Ausus
818 2173 837 2204 ‚
864 2142 932 2189 et
954 2126 1204 2193 afflictis
1230 2128 1457 2193 melius
1489 2128 1818 2193 confidere
1841 2130 2058 2194 rebus·

596 2264 885 2347 Namque
903 2308 922 2339 ‚
959 2263 1079 2326 sub
1108 2263 1360 2349 ingenti
1387 2263 1623 2327 lustrat
1651 2265 1808 2329 dum
1832 2264 2085 2350 singula
2114 2262 2356 2350 templo
2374 2310 2395 2341 ,

596 2402 906 2489 Reginam
929 2404 1275 2490 opperiens
1294 2450 1311 2481 ,
1345 2403 1498 2466 dum
1518 2450 1536 2481 ,
1563 2426 1706 2489 quae
1727 2403 1989 2467 fortuna
2020 2404 2103 2467 sit
2132 2404 2307 2481 urbi,

596 2539 1059 2625 Artificumque
1079 2563 1308 2604 manus
1328 2541 1501 2603 inter
1525 2562 1591 2603 se
1609 2588 1627 2618 ,
1654 2563 2055 2627 operumque
2078 2538 2367 2604 laborem
2382 2587 2401 2617 ,

601 2679 893 2757 Miratur,
921 2679 1099 2744 videt
1127 2680 1346 2747 Iliacas
1372 2702 1449 2745 ex
1480 2679 1711 2743 ordine
1741 2700 1989 2765 pugnas
2002 2678 2081 2756 ³⁵,

602 2819 904 2905 Bellaque
921 2821 1058 2904 jam
1081 2820 1246 2884 fama
1272 2834 1481 2885 totum
1504 2820 1763 2906 vulgata
1783 2841 1903 2906 per
1934 2820 2199 2897 orbem3

602 2959 856 3023 Atridas
873 3008 892 3039 ‚
925 2960 1382 3045 Priamumque
1400 3005 1418 3037 ,
1446 2974 1513 3023 et
1540 2980 1776 3023 saevum
1802 2959 2117 3025 ambobus
2144 2958 2478 3024 Achillem.

609 3095 953 3177 Constitit,
974 3113 1040 3162 et
1063 3097 1421 3184 lacrymans
1450 3122 1466 3160 z
1500 3125 1528 3155 α
1556 3098 1718 3180 Quis
1726 3099 1859 3181 jam
1884 3094 2062 3160 locus
2078 3144 2095 3176 ,
2118 3098 2329 3185 inquit
2345 3146 2362 3177 ,
2382 3098 2625 3162 Achate
2652 3147 2663 3184 ‚¹

610 3238 772 3318 Quae
798 3238 977 3323 regio
999 3240 1069 3303 in
1096 3239 1286 3302 terris
1308 3239 1515 3303 nostri
1541 3260 1683 3303 non
1709 3237 1904 3326 plena
1933 3238 2211 3302 laboris?

607 3374 706 3435 En
729 3372 1022 3436 Priamus
1049 3398 1064 3435 ε
1092 3389 1244 3437 sunt
1273 3374 1380 3438 hic
1410 3376 1603 3439 etiam
1632 3397 1743 3439 sua
1766 3376 2028 3464 praemia
2057 3375 2265 3451 laudi,

611 3512 778 3575 Sunt
804 3510 1100 3595 lacrymae
1123 3534 1346 3575 rerum
1363 3558 1383 3588 ‚
1413 3526 1480 3575 et
1510 3528 1797 3576 mentem
1816 3512 2115 3577 mortalia
2138 3526 2441 3597 tangunt.

614 3648 806 3714 Solve
830 3663 1068 3725 metus;
1100 3651 1268 3715 feret
1288 3651 1424 3715 haec
1449 3651 1727 3737 aliquam
1751 3650 1872 3714 tibi
1890 3651 2057 3714 fama
2087 3649 2380 3714 salutem.
2412 3678 2440 3706 »

699 3787 806 3855 Sic
827 3786 949 3864 ait,
982 3800 1173 3871 atque
1206 3786 1491 3852 animum
1519 3788 1777 3875 pictura
1801 3786 2006 3873 pascit
2034 3786 2245 3863 inani,

612 3922 812 3986 Multa
843 3944 1108 4008 gemens
1125 3970 1141 4001 ,
1171 3923 1481 4010 largoque
1504 3924 1832 3986 humectat
1855 3920 2117 3985 flumine
2147 3917 2421 3984 vultum.

611 4053 899 4137 Namque
922 4051 1182 4119 videbat
1215 4054 1310 4121 uti
1337 4052 1653 4119 bellantes
1676 4055 1987 4135 Pergama
2016 4049 2261 4113 circum
