3059 4809
807 465 924 526 154
1245 427 1755 522 'AENEIDos
1819 462 2113 523 Lmen
2169 464 2268 524 11.
2568 464 2727 509 v.³³0.

794 585 1116 649 Insultans
1138 630 1153 645 .
1192 583 1400 669 portis
1428 583 1537 647 alii
1565 585 2007 671 bipatentibus
2030 586 2265 651 adsunt
2282 634 2300 665 ,

793 722 990 786 Millia
1013 737 1177 808 quot
1198 717 1446 808 magnis
1468 745 1753 808 unquam
1776 745 2015 790 venere
2042 725 2327 811 Mycenis
2347 752 2364 802 3

795 861 1132 928 Obsedere
1159 860 1265 923 alii
1287 861 1429 925 telis
1456 877 1727 946 angusta
1749 864 1996 927 viarum

796 1000 1137 1087 Oppositi:
1173 1015 1298 1068 stat
1315 1000 1472 1064 ferri
1497 1000 1664 1064 acies
1686 1023 1997 1101 mucrone
2020 1025 2292 1067 corusco

792 1139 1032 1203 Stricta
1050 1186 1069 1217 ,
1103 1154 1324 1225 parata
1346 1139 1530 1214 neci:
1567 1139 1673 1202 vix
1702 1139 1899 1224 primi
1927 1140 2149 1226 praelia
2178 1156 2433 1207 tentant

794 1281 1140 1340 Portarum
1163 1276 1422 1361 vigileS‚
1459 1291 1524 1339 et
1552 1297 1720 1340 caeco
1752 1279 1957 1341 Marte
1986 1276 2318 1342 resistunt.
2350 1306 2377 1335 a>

871 1893 1128 1958 Talibus
1155 1893 1509 1991 Othryadae
1534 1892 1725 1957 dictis
1750 1908 1815 1957 et
1837 1893 2105 1956 numine
2131 1892 2353 1956 divum

790 2032 869 2091 In
894 2028 1176 2092 flammas
1201 2045 1267 2092 et
1289 2030 1358 2093 in
1381 2053 1559 2095 arma
1579 2032 1780 2109 feror,
1808 2054 1940 2116 quo
1964 2032 2162 2095 tristis
2184 2031 2463 2117 Erinnys
2478 2078 2495 2107 ,

799 2172 951 2252 Quo
974 2168 1268 2231 fremitus
1291 2184 1481 2233 vocat
1496 2216 1515 2247 ,
1544 2184 1611 2232 et
1632 2169 1919 2233 sublatus
1939 2170 2024 2233 ad
2044 2169 2283 2233 aethera
2305 2170 2557 2234 clamor.

791 2306 1057 2370 Addunt
1079 2329 1146 2369 se
1173 2306 1382 2372 socios
1403 2307 1691 2393 Rhipeus
1714 2323 1779 2371 et
1801 2309 2110 2371 maximus
2134 2308 2326 2372 armis

789 2449 1074 2534 Epytus;
1104 2445 1308 2510 oblati
1329 2468 1450 2532 per
1471 2444 1691 2509 lunam
1712 2494 1730 2524 ,
1759 2445 2174 2533 Hypanisque
2194 2493 2212 2523 ,
2240 2449 2622 2531 Dymasque;

789 2590 870 2649 Et
895 2586 1083 2650 lateri
1105 2585 1554 2671 agglomerant
1574 2601 1801 2649 nostro
1821 2610 1837 2661 3
1859 2586 2247 2671 juvenisque
2272 2584 2577 2649 Coroebus
2590 2578 2638 2618 ²²

791 2721 1251 2809 Mygdonides:
1287 2720 1415 2785 illis
1437 2721 1519 2785 ad
1540 2724 1799 2806 Trojam
1820 2722 1993 2787 forte
2015 2722 2243 2785 diebus

791 2862 1073 2922 Venerat
1097 2905 1113 2925 .
1151 2858 1379 2923 insano
1405 2856 1777 2921 Cassandrae
1798 2856 2098 2921 incensus
2124 2879 2344 2921 amore
2365 2882 2383 2933 3

792 3001 872 3060 Et
898 3019 1097 3082 gener
1119 2996 1426 3061 auxilium
1449 2996 1709 3059 Priamo
1734 2994 2230 3082 Phrygibusque
2259 2996 2533 3069 ferebat3

791 3135 1019 3199 Infelix
1037 3180 1055 3212 ,
1091 3135 1204 3220 qui
1225 3157 1360 3198 non
1383 3156 1634 3220 sponsae
1656 3148 1979 3220 praecepta
1999 3124 2275 3197 furentis

790 3274 1106 3339 Audierit.

793 3415 974 3495 Quos
997 3411 1112 3474 ubi
1136 3411 1466 3479 confertos
1489 3410 1729 3473 audere
1750 3409 1818 3473 in
1842 3409 2066 3496 praelia
2088 3408 2221 3473 vidi
2239 3410 2321 3488 ²³,

789 3551 1039 3638 Incipio
1061 3572 1255 3636 super
1280 3550 1412 3614 his:
1455 3576 1484 3605 «ι
1513 3553 1795 3613 Juvenes
1812 3596 1829 3626 ,
1865 3548 2207 3613 fortissima
2232 3549 2469 3611 frustra

794 3692 1066 3751 Pectora
1082 3733 1098 3764 ‚
1132 3685 1186 3749 si
1207 3686 1390 3750 vobis
1412 3685 1757 3750 audentem
1786 3700 2072 3748 extrema
2097 3683 2332 3771 cupido
2384 3728 2395 3735 -

794 3824 991 3889 Certa
1015 3823 1196 3909 sequi
1210 3869 1226 3899 ‚
1259 3845 1402 3909 quae
1423 3822 1504 3887 sit
1527 3824 1722 3887 rebus
1748 3823 2009 3887 fortuna
2034 3821 2296 3910 videti-s:

797 3962 1137 4025 Excessere
1161 3984 1386 4025 omnes
1405 4008 1421 4038 ,
1456 3963 1665 4049 adytis
1688 3963 1941 4048 arisque
1967 3962 2209 4027 relictis
2226 4008 2240 4037 ,

795 4101 879 4164 Di
901 4103 1134 4188 quibus
1157 4099 1503 4187 imperium
1528 4102 1653 4166 hoc
1678 4116 1979 4165 steterat:
2014 4099 2387 4170 succurritis
2412 4098 2555 4161 urbi
