3059 4809
675 431 753 490 76
1188 431 1661 493 AENEIDOS
1721 432 2020 495 LIBER
2076 432 2127 491 1.
2464 425 2639 477 v”²⁵15-

666 579 1032 643 Arboribus
1053 579 1327 643 clausam
1349 580 1595 644 circum
1614 595 1809 667 atque
1829 581 2255 645 horrentibus
2276 582 2525 646 umbris

669 715 967 779 Occulit:
995 715 1130 803 ipse
1153 738 1288 779 uno
1311 716 1607 802 graditur
1629 716 1971 793 comitatus
1992 716 2236 780 Achate
2258 724 2276 796 ,'

664 854 825 918 Bina
854 876 1050 918 manu
1077 853 1210 917 lato
1241 854 1532 941 crispans
1558 853 1811 918 hastilia
1840 855 2043 919 ferro.
2066 916 2077 937 ἔ

664 991 789 1055 Cui
815 1007 1021 1055 mater
1049 992 1260 1055 media
1285 1014 1421 1055 sese
1453 991 1604 1055 tulit
1630 992 1822 1057 obvia
1852 992 2014 1057 silva
2026 994 2109 1071 ²⁸,
2210 1082 2217 1087 .

663 1098 952 1215 Virginis
975 1152 1047 1193 os
1067 1129 1490 1216 habitumque
1511 1152 1747 1215 gerens
1762 1178 1779 1213 ,
1808 1147 1873 1195 et
1896 1131 2165 1218 virginis
2186 1154 2362 1197 arma

668 1268 1033 1351 Spartanae3
1071 1266 1176 1331 vel
1204 1250 1410 1352 qualis
1435 1287 1639 1351 equos
1669 1266 1960 1330 Threlssa
1990 1267 2215 1355 fatigat

655 1403 1025 1506 ‘Harpalyce
1042 1451 1060 1482 ‚
1075 1403 1549 1491 'volucremque
1572 1406 1723 1493 fuga
1743 1406 2160 1492 praevertitur
2184 1410 2453 1471 Eurum.

662 1545 950 1628 Namque
971 1543 1256 1607 humeris
1279 1543 1360 1606 de
1383 1566 1567 1608 more
1587 1543 1872 1608 habilem
1894 1543 2316 1629 suspenderat
2337 1567 2556 1610 areum

591 1742 610 1759 ,
660 1680 969 1744 Venatrix
986 1729 1003 1758 ‚
1034 1681 1428 1768 dederatque
1451 1704 1701 1747 comam
1725 1681 2091 1747 diffundere
2112 1683 2357 1753 ventis;

659 1816 842 1881 Nuda
870 1841 1040 1905 genu
1060 1818 1410 1907 ,nodoque
1439 1821 1616 1885 sinus
1643 1820 1913 1885 collecta
1939 1821 2235 1885 fluentes,

652 2857 744 2920 Ac
765 2857 988 2944 prior:
1026 2885 1054 2914 ιι
1087 2860 1291 2921 Heus!
1319 2857 1532 2943 inquit
1551 2905 1568 2936 ,
1587 2860 1895 2943 juveneS,
1924 2872 2279 2922 monstrate
2302 2880 2581 2921 mearum

650 2994 912 3059 Vidistis
939 2996 992 3059 si
1021 3019 1213 3082 quam
1244 2996 1348 3059 hic
1378 3012 1707 3060 errantem
1733 2996 1903 3059 forte
1932 3017 2231 3059 sororum
2251 3042 2269 3073 ‚

652 3132 1057 3198 Succinctam
1084 3134 1388 3222 pharetra
1411 3149 1477 3197 et
1499 3133 1834 3197 maculosae
1861 3132 2144 3219 tegmine
2173 3132 2381 3220 lyncis
2398 3181 2415 3212 ,

651 3273 780 3335 Aut
803 3274 1156 3358 spumantis
1179 3272 1317 3358 apri
1341 3294 1599 3335 cursum
1623 3272 1904 3337 clamore
1923 3286 2352 3359 prementem.
2383 3300 2411 3329 ι)

647 3776 755 3840 Sic
787 3780 1040 3853 Venus;
1074 3791 1139 3839 et
1170 3775 1437 3840 Veneris
1465 3790 1696 3840 contra
1727 3776 1818 3840 sic
1848 3776 2019 3840 filius
2046 3799 2268 3840 orsus:

649 3942 676 3971 (ι
709 3912 895 3977 Nulla
916 3929 1173 3977 tuarum
1196 3913 1408 3976 audita
1431 3914 1591 3978 mihi
1610 3936 1824 4000 neque
1847 3915 1979 3979 visa
2004 3938 2305 3979 sororum
2322 3961 2340 3993 ‚

648 4057 707 4119 Ο
727 4102 744 4133 ,
775 4075 966 4138 quam
991 4070 1056 4120 te
1081 4076 1432 4118 memorem
1449 4102 1466 4132 ,
1494 4055 1721 4142 virgo?
1742 4078 2019 4141 namque
2044 4055 2213 4119 haud
2235 4055 2353 4121 tibi
2376 4055 2585 4119 vultus
