3059 4809
721 487 847 552 248
1195 483 1662 548 AENEIDOS
1724 483 2014 546 LIBER
2073 484 2226 545 1-11..
2512 485 2676 546 ⁸493.

722 642 751 670 α
780 611 992 678 Viuite
1020 609 1239 674 felices
1256 657 1277 691 ,
1308 611 1544 697 quibus
1575 624 1670 674 est
1699 609 1964 673 fortuna
1992 623 2259 696 peracta

716 754 862 814 Jam
888 771 1032 826 sua3
1060 772 1182 813 nos
1210 747 1332 812 alia
1362 771 1441 812 ex
1471 749 1612 813 aliis
1639 749 1710 812 in
1741 749 1870 813 fata
1897 771 2232 816 vocamur.

716 887 917 952 Vobis
940 901 1126 973 parta
1148 885 1330 972 quies
1352 910 1369 948 ε
1396 885 1650 950 nullum
1673 887 1867 953 maris
1887 907 2112 972 oequor
2133 885 2450 951 arandum
2468 911 2500 964 ς,

715 1029 887 1092 Arva
916 1049 1131 1112 neque
1160 1025 1454 1090 Ausoniae
1482 1047 1741 1112 semper
1769 1025 2063 1090 cedentia
2093 1040 2276 1089 retro

718 1165 1084 1252 Quaerenda
1106 1189 1125 1228 ε
1150 1164 1431 1252 effigiem
1456 1164 1738 1243 Xanthi,
1757 1165 2143 1250 Tro-jamque
2163 1209 2180 1241 ,
2209 1163 2452 1228 videtis
2465 1209 2496 1242 ,

717 1309 929 1390 Quam
958 1318 1184 1371 vestrae
1214 1305 1428 1369 fecere
1454 1326 1682 1368 manus
1700 1351 1718 1384 ‚
1745 1304 2154 1382 melioribuS,
2184 1320 2345 1392 opto
2367 1351 2384 1383 ,

714 1441 1028 1532 Auspiciis
1048 1492 1069 1524 ,
1094 1459 1163 1509 et
1195 1468 1336 1531 quae
1365 1445 1562 1509 fuerit
1591 1446 1805 1509 minus
1835 1444 2030 1509 obvia
2056 1443 2301 1510 Graiis*

716 1585 785 1650 Si
817 1585 1077 1672 quando
1108 1585 1421 1673 Thybrim
1454 1585 1794 1671 vicinaque
1819 1584 2167 1672 Thybridis
2195 1605 2348 1648 arva

710 1726 1003 1801 Intraro,
1034 1724 1347 1811 gentique
1370 1747 1527 1790 meae
1557 1724 1705 1788 data
1733 1725 1972 1790 moenia
2005 1745 2268 1790 cernam
2285 1769 2311 1802 ,

713 1864 1037 1950 Cognatas
1066 1864 1262 1928 urbes
1292 1865 1451 1930 olim
1470 1913 1489 1945 ‚
1512 1865 1923 1952 populosque
1951 1865 2358 1952 propinquos
2375 1911 2396 1941 ,

710 2001 908 2087 Epiro
924 1997 947 2081 ’,
975 2003 1282 2088 Hesperia
1302 2050 1319 2080 ,
1348 2004 1582 2089 quibus
1604 2005 1775 2067 idem
1801 2003 2138 2067 Dardanus
2161 2017 2418 2081 auctor,

709 2141 919 2223 Atque
948 2101 1122 2200 idem
1151 2159 1329 2202 casus
1351 2186 1367 2217 ,
1406 2163 1602 2203 unam
1631 2140 1934 2204 faciemus
1963 2155 2307 2225 utramque

708 2278 966 2360 Troiam
990 2275 1255 2340 animis:
1284 2292 1542 2340 maneat
1568 2294 1829 2342 nostros
1853 2299 1926 2341 ea
1951 2299 2103 2341 cura
2129 2291 2426 2364 nepotes.
2459 2306 2492 2335 ιι

793 2887 1223 2953 Provehimur
1251 2887 1487 2976 pelago·
1513 2887 1721 2954 vicina
1754 2889 2072 2952 Ceraunia
2090 2890 2278 2982 juxta
2291 2887 2373 2967 ⁴²,

706 3026 895 3092 Unde
914 3025 1041 3090 iter
1061 3027 1311 3091 Italiam
1326 3075 1345 3108 ,
1373 3051 1723 3114 cursusque
1747 3028 2166 3092 brevissimus
2191 3027 2381 3092 undis

706 3162 819 3228 Sol
849 3163 983 3227 ruit
1012 3163 1296 3243 interea,
1326 3179 1391 3228 et
1421 3181 1678 3229 montes
1711 3165 2101 3230 umbrantur
2136 3165 2347 3253 opaci.

703 3302 1075 3366 Sternimur
1105 3317 1343 3390 optatae
1374 3305 1622 3390 gremio
1659 3303 1905 3368 telluris
1935 3304 2017 3370 ad
2050 3304 2291 3368 undam
2312 3351 2329 3381 ,

702 3418 932 3506 sormi
962 3465 1176 3508 remos
1192 3490 1210 3521 ,
1234 3445 1599 3530 passimque
1630 3445 1698 3508 in
1729 3445 1954 3509 littore
1983 3444 2156 3508 sicco

702 3580 1002 3666 Corpora
1030 3597 1327 3645 curamus
1352 3607 1367 3645 ε
1398 3582 1596 3646 fessos
1622 3605 1822 3668 sopor
1849 3582 2078 3667 irrigat
2111 3595 2309 3643 artus·

697 3717 988 3783 Necdum
1010 3720 1239 3784 orbem
1261 3721 1546 3785 medium
1567 3744 1698 3785 nox
1720 3720 1900 3784 horis
1923 3736 2063 3784 acta
2088 3719 2346 3784 subibat
2370 3743 2384 3781 ε

698 3857 885 3921 Haud
912 3857 1126 3944 segnis
1158 3874 1361 3923 strato
1392 3861 1598 3947 surgit
1629 3860 1976 3924 Palinurus
1995 3907 2014 3940 ,
2047 3876 2113 3924 et
2138 3881 2365 3923 omnes

696 3996 1004 4084 Explorat
1032 4011 1262 4062 ventos
1280 4043 1298 4076 ‚
1326 4013 1518 4085 atque
1549 3998 1812 4063 auribus
1842 4020 1990 4062 aera
2022 4011 2275 4086 captat:

696 4133 921 4200 Sidera
954 4151 1186 4202 cuncta
1212 4151 1402 4202 notat
1430 4138 1628 4216 tacito
1660 4137 1942 4202 labentia
1971 4136 2136 4201 coelo
2153 4181 2172 4214 ,
