3059 4809
662 400 789 460 208
1156 398 1623 460 AENEIDOS
1682 399 1972 460 LIBER
2029 399 2166 460 111.
2491 415 2648 462 v·¹9·

666 524 858 584 Sacra
885 519 1166 584 Dionaeae
1192 522 1384 583 matri
1410 519 1705 606 divisque
1731 521 2017 584 ferebam

664 657 1044 745 Auspicibus
1074 672 1436 746 coeptorum
1466 680 1739 745 operum
1763 684 1780 734 3
1816 667 2180 746 superoque
2205 661 2524 726 nitentem

672 793 1051 858 Coelicolum
1084 795 1225 880 regi
1252 795 1610 859 mactabam
1638 794 1707 858 in
1739 794 1962 859 littore
1995 811 2272 861 taurum.

660 938 859 999 Forte
888 935 1009 998 fuit
1029 937 1213 1019 juxta
1241 933 1525 997 tumulus
1554 934 1578 970 ⁸
1601 981 1618 1011 ,
1657 956 1788 1019 quo
1819 956 2055 998 cornea
2085 959 2332 1000 summo

666 1071 960 1156 Virgulta
979 1118 997 1149 ‚
1036 1087 1101 1135 et
1129 1070 1349 1134 densis
1385 1068 1722 1132 hastilibus
1749 1069 2016 1133 horrida
2045 1086 2318 1156 myrtus·

664 1207 914 1272 Accessi
942 1232 959 1270 ε
993 1206 1397 1293 viridemque
1426 1206 1509 1269 ab
1539 1206 1737 1269 humo
1770 1205 2138 1270 convellere
2170 1207 2394 1271 silvam

666 1348 983 1426 ConatuS,
1021 1347 1212 1411 ramis
1237 1361 1524 1433 tegerem
1553 1360 1626 1408 ut
1655 1343 2112 1408 frondentibus
2141 1367 2280 1408 aras
2298 1393 2315 1422 ‚

662 1486 1077 1552 Horrendum
1107 1501 1173 1549 et
1201 1484 1382 1548 dictu
1412 1482 1602 1548 video
1633 1483 1927 1548 mirabile
1956 1499 2339 1548 monstrum.

659 1631 819 1691 Nam
850 1647 992 1711 quae
1021 1624 1231 1712 prima
1260 1622 1400 1687 solo
1433 1620 1643 1707 ruptis
1673 1618 1998 1683 radicibus
2025 1620 2219 1683 arbos

657 1766 938 1832 Vellitur
958 1813 975 1843 ,
1008 1764 1159 1828 huic
1191 1779 1333 1827 atro
1368 1761 1710 1847 liquuntur
1739 1758 2052 1842 sanguine
2083 1773 2280 1843 guttae
2298 1805 2316 1835 ‚

661 1909 743 1968 Et
773 1920 1016 1968 terram
1050 1902 1202 1965 tabo
1236 1901 1582 1966 maculant.
1619 1899 1774 1962 Mihi
1800 1899 2068 1985 frigidus
2095 1899 2332 1962 horror

657 2039 947 2103 Membra
978 2036 1183 2122 quatit
1203 2083 1220 2112 ,
1255 2034 1632 2120 gelidusque
1665 2033 1797 2097 coit
1828 2031 2172 2095 formidine
2203 2032 2478 2116 sanguis·

658 2181 903 2239 Rursus
932 2187 999 2235 et
1026 2171 1289 2234 alterius
1321 2170 1567 2233 lentum
1598 2169 1967 2235 convellere
1997 2170 2210 2234 vimen

653 2314 971 2395 Insequor
986 2355 1005 2388 ,
1040 2321 1107 2370 et
1134 2327 1347 2370 causas
1376 2306 1637 2392 penitus
1665 2322 1916 2370 tentare
1945 2306 2254 2382 latentes3

655 2452 816 2512 Ater
844 2462 912 2510 et
940 2444 1203 2510 alterius
1232 2442 1525 2528 sequitur
1555 2441 1637 2505 de
1668 2443 1910 2507 cortice
1937 2442 2212 2529 sanguis

653 2586 853 2651 Multa
882 2607 1151 2650 movens
1180 2583 1397 2650 animo
1415 2629 1433 2661 ‚
1468 2580 1786 2667 nymphas
1818 2581 2174 2656 venerabar
2203 2596 2482 2666 agrestes
2499 2630 2517 2659 ,

652 2722 1139 2808 Gradivumque
1172 2735 1423 2807 patrem
1441 2766 1457 2797 ,
1494 2719 1743 2784 Geticis
1777 2719 1890 2804 qui
1918 2717 2214 2804 praesidet
2240 2715 2440 2792 arvis3

651 2860 799 2924 Rite
830 2858 1261 2924 secundarent
1292 2857 1465 2921 visus
1482 2902 1500 2931 ,
1539 2876 1862 2939 omenque
1896 2854 2208 2918 levarent.

648 3001 863 3065 Tertia
892 2999 1004 3064 sed
1034 3014 1379 3087 postquam
1408 2974 1654 3080 majore
1683 2993 1934 3057 hastilia
1960 2995 2106 3057 nisu

650 3138 1012 3227 Aggredior
1028 3185 1046 3215 ‚
1081 3139 1481 3224 genibusque
1512 3136 1795 3200 adversae
1827 3135 2131 3199 obluctor
2157 3158 2366 3200 arenae
2389 3183 2404 3212 ‚

648 3277 965 3363 Eloquar,
1000 3299 1082 3339 an
1108 3277 1375 3341 sileam?
1404 3277 1680 3361 gemitus
1709 3275 2137 3361 lacrymabilis
2166 3274 2295 3338 imo

646 3413 924 3478 Auditur
956 3414 1204 3478 tumulo
1227 3462 1243 3491 ,
1278 3428 1343 3476 et
1376 3437 1502 3477 vox
1530 3414 1784 3477 reddita
1814 3415 2022 3478 fertur
2048 3414 2129 3476 ad
2155 3437 2340 3477 aures
2366 3439 2381 3475 :

652 3578 681 3607 α
722 3549 898 3633 Quid
928 3550 1231 3615 miserum
1250 3599 1267 3630 ,
1305 3555 1500 3615 AEnea
1523 3599 1541 3628 ,
1578 3552 1864 3617 laceras?
1889 3557 2025 3636 jam
2054 3575 2245 3640 parce
2275 3552 2569 3638 sepulto;

650 3693 852 3751 Parce
881 3687 1016 3775 pias
1044 3687 1357 3752 scelerare
1386 3711 1632 3754 manus·
1677 3693 1816 3754 Non
1845 3712 1948 3754 me
1977 3691 2096 3754 tibi
2124 3692 2310 3773 Troja

647 3830 999 3892 Externum
1030 3826 1214 3906 tulit,
1250 3844 1362 3891 aut
1392 3852 1593 3893 cruor
1623 3828 1729 3893 hic
1761 3829 1841 3893 de
1875 3830 2092 3916 stipite
2123 3844 2361 3892 manat.

648 3969 826 4031 Heu!
859 3966 1011 4053 fuge
1040 3967 1330 4032 crudeles
1360 3985 1566 4034 terras
1587 4018 1603 4047 ,
1635 3970 1784 4054 fuge
1819 3969 2000 4032 littus
2029 3991 2289 4034 avarum
2307 3967 2358 4032 ⁹.
