3059 4809
679 459 759 519 66
1205 455 1676 518 AENEIDOS
1738 454 2038 515 LIBER
2094 455 2149 514 1.
2467 460 2659 513 v.194·

681 592 1006 657 Cornibus
1029 556 1322 656 arboreis
1337 638 1354 669 ,
1381 590 1650 667 sternit3
1680 604 1821 653 tum
1846 588 2077 675 vulgus
2104 604 2170 652 et
2197 612 2459 653 omnem

676 732 896 796 Miscet
927 755 1121 819 agens
1151 730 1298 795 telis
1325 752 1595 794 nemora
1620 730 1791 794 inter
1819 728 2091 793 frondea
2120 730 2417 809 turbam„

674 875 806 935 Nec
827 873 1008 959 prius
1031 870 1307 950 absistit,
1335 892 1529 956 quam
1552 884 1800 958 septem
1823 866 2111 955 ingentia
2131 869 2342 933 victor

673 1014 968 1098 Corpora
988 1010 1215 1075 fundat
1236 1010 1450 1088 humi,
1478 1024 1545 1072 et
1565 1030 1909 1072 numerum
1935 1030 2083 1071 cum
2102 1007 2381 1090 navibus⁸
2396 1023 2616 1094 aequet
2639 1034 2654 1072 ε

671 1152 839 1216 Hinc
861 1165 1125 1238 portum
1145 1150 1344 1237 petit3
1374 1164 1440 1213 et
1463 1148 1669 1212 socios
1690 1148 1972 1233 partitur
1990 1148 2061 1211 in
2086 1170 2332 1212 omnes,

668 1291 832 1355 Vina
848 1337 865 1368 ,
890 1292 1104 1354 bonus
1136 1312 1278 1376 quae
1309 1289 1543 1353 deinde
1576 1289 1747 1352 cadis
1776 1304 2079 1353 onerarat
2107 1290 2366 1352 Acestes

668 1434 914 1495 Littore
937 1430 1270 1495 Trinacrio
1289 1478 1305 1509 ‚
1333 1429 1731 1514 dederatque
1753 1427 2142 1491 abeuntibus
2162 1428 2355 1491 heros
2375 1475 2391 1506 ‚

667 1547 915 1634 Dividit
936 1616 953 1647 ,
989 1584 1056 1633 et
1084 1569 1272 1633 dictis
1303 1569 1643 1633 moerentia
1671 1584 1939 1656 pectora
1967 1541 2243 1633 mulcet}

675 1736 702 1764 «ι
735 1709 794 1771 Ο
821 1708 976 1772 socii
999 1708 1020 1794 (
1041 1732 1254 1795 neque
1279 1709 1454 1773 enim
1473 1708 1684 1794 ignari
1704 1730 1921 1773 sumus
1942 1721 2093 1769 ante
2114 1704 2501 1790 malorum),

673 1850 732 1911 O
764 1848 931 1934 passi
960 1849 1256 1934 graviora
1275 1895 1292 1926 ,
1322 1849 1503 1912 dabit
1528 1852 1706 1912 Deus
1739 1847 1838 1911 his
1867 1868 2131 1933 quoque
2164 1846 2359 1909 finem
2374 1845 2455 1921 2⁴,

670 1990 800 2053 Vos
830 2002 896 2050 et
929 1987 1262 2073 Scyllaeam
1293 1990 1539 2053 rabiem
1570 1988 1959 2075 penitusque
1988 2000 2292 2050 sonantes

668 2125 951 2190 Accestis
983 2127 1282 2212 scopulos
1299 2174 1317 2205 ‚
1354 2150 1468 2192 vos
1501 2143 1566 2191 et
1600 2127 1929 2213 Cyclopea
1958 2148 2104 2189 saxa

668 2262 974 2349 Experti:
1003 2278 1304 2327 revocate
1327 2264 1575 2328 animos
1591 2311 1609 2342 ‚
1636 2279 2063 2351 moestumque
2084 2248 2383 2329 timorem

669 2402 904 2465 Mittite
923 2427 940 2479 3
972 2402 1189 2467 forsan
1211 2418 1276 2466 et
1299 2402 1434 2467 haec
1455 2401 1615 2467 olim
1636 2402 1999 2469 meminisse
2012 2404 2289 2486 juvabit.

669 2547 798 2607 Per
826 2542 1036 2608 varios
1067 2566 1244 2609 casus
1265 2592 1281 2623 ‚
1309 2567 1431 2631 per
1459 2559 1562 2609 tot
1590 2544 1961 2610 discrimina
1988 2568 2207 2609 rerum
2227 2594 2244 2625 ,

668 2681 1015 2745 Tendimus
1043 2681 1111 2745 in
1141 2685 1390 2746 Latium
1408 2730 1425 2761 ,
1463 2684 1645 2747 sedes
1674 2684 1787 2748 ubi
1818 2685 1947 2748 fata
1981 2686 2225 2772 quietas

673 2824 1092 2889 Ostendunt:
1121 2824 1252 2887 illic
1282 2825 1373 2888 fas
1403 2848 1605 2913 reg-na
1637 2849 1977 2913 resurgere
2004 2831 2234 2912 Trojae.

671 2966 917 3028 Durate
938 3012 955 3041 ‚
991 2981 1056 3028 et
1087 2962 1338 3029 vosmet
1365 2968 1561 3031 rebus
1589 2982 1843 3031 servate
1870 2966 2189 3033 secundis,
2219 2995 2247 3025 u

758 3249 930 3313 Talia
960 3276 1117 3318 voce
1151 3254 1352 3317 refert
1371 3302 1389 3334 ‚
1427 3256 1727 3341 curisque
1755 3255 2128 3342 ingentibus
2157 3279 2326 3343 aeger

672 3390 868 3474 Spem
890 3391 1077 3456 vultu
1098 3393 1353 3457 simulat
1370 3441 1387 3472 ,
1419 3396 1658 3481 premit
1680 3396 1883 3461 altum
1906 3396 2103 3461 corde
2131 3396 2449 3461 dolorem.

669 3527 773 3590 Illi
803 3550 870 3591 se
900 3530 1131 3615 praedae
1159 3534 1505 3620 accingunt
1537 3534 1939 3622 dapibusque
1972 3535 2243 3599 futuris:

666 3668 952 3753 Tergora
983 3667 1313 3756 deripiunt
1343 3672 1563 3751 costiS,
1604 3686 1671 3735 et
1702 3672 1946 3737 viscera
1974 3672 2247 3737 nudant.

671 3806 828 3867 Pars
849 3806 915 3868 in
941 3805 1143 3869 frusta
1165 3826 1383 3873 secant
1406 3858 1424 3887 ,
1451 3811 1843 3898 veribusque
1867 3813 2212 3877 trementia
2233 3812 2478 3898 figunt:

668 3941 916 4009 Littore
939 3944 1142 4008 ahena
1165 3945 1384 4011 locant
1405 3948 1543 4025 alii,
1573 3949 1983 4037 flammasque
2004 3952 2398 4015 ministrant.

673 4084 833 4145 Tum
864 4084 1041 4148 victu
1075 4101 1387 4152 revocant
1415 4088 1623 4165 vires;
1654 4088 1904 4176 fusique
1934 4112 2055 4187 per
2084 4090 2353 4155 herbam
