3059 4809
643 486 761 546 172
1116 483 1584 546 AENEIDOS
1645 484 1942 577 LIBER
2003 484 2106 546 110
2389 500 2435 533 ⁷·
2489 484 2602 551 5262

631 612 810 674 Unus
838 622 1141 671 natorum
1172 607 1447 685 Priami,
1482 629 1603 693 per
1631 607 1759 671 tela
1775 655 1793 685 ,
1833 630 1952 694 per
1980 608 2196 672 hostes
2215 656 2232 687 ,

633 744 1005 810 Porticibus
1032 743 1243 831 longis
1273 744 1439 830 fugit
1457 791 1475 822 ,
1512 760 1580 807 et
1611 766 1806 809 vacua
1829 745 1991 808 atria
2019 745 2250 810 lustrat
2297 834 2302 839 “

633 884 896 949 Saucius
928 908 943 946 ε
978 884 1160 947 illum
1186 884 1416 947 ardens
1444 884 1679 948 infesto
1711 884 1981 951 vulnere
2013 884 2306 969 Pyrrhus

626 1020 1017 1105 Insequitur,
1042 1022 1175 1105 jam
1198 1024 1461 1108 jamque
1489 1043 1686 1086 manu
1715 1036 1895 1085 tenet
1913 1068 1937 1099 ,
1966 1036 2032 1084 et
2064 1020 2303 1107 premit
2332 1023 2534 1087 hasta.

629 1163 717 1225 Ut
745 1161 1005 1224 tandem
1037 1176 1189 1223 ante
1218 1160 1439 1223 oculos
1469 1160 1671 1224 evasit
1697 1175 1764 1223 et
1789 1182 1905 1224 ora
1933 1172 2280 1247 parentum

632 1299 933 1362 Concidit
944 1346 970 1377 ,.
999 1256 1071 1362 ac
1100 1298 1307 1362 multo
1330 1301 1527 1370 vitam
1557 1320 1705 1361 cum
1735 1296 2042 1384 sanguine
2075 1297 2264 1361 fudit.

629 1436 749 1500 Hic
777 1437 1067 1500 Priamus
1086 1482 1107 1514 ‚
1140 1458 1517 1521 quanquam
1539 1436 1609 1498 in
1639 1436 1846 1499 media
1867 1438 2000 1520 jam
2034 1450 2247 1500 morte
2279 1448 2565 1514 tenetur,

627 1576 773 1648 Non
802 1588 1015 1637 tamen
1038 1572 1384 1653 abstinuit,
1416 1595 1539 1638 nec
1571 1574 1714 1639 voci
1741 1574 1979 1658 iraeque
2007 1572 2339 1659 pepercit:

628 1741 657 1770 α
683 1712 767 1774 At
792 1713 917 1777 tibi
940 1736 1062 1800 pro
1089 1715 1331 1779 scelere
1349 1762 1367 1793 ,
1400 1713 1713 1778 exclamat
1729 1761 1746 1792 ,
1775 1737 1897 1800 pro
1929 1714 2164 1778 talibus
2197 1714 2362 1777 ausis
2382 1760 2398 1791 ,

622 1850 707 1913 Di
734 1850 830 1936 (si
858 1872 983 1936 qua
1010 1866 1109 1914 est
1138 1852 1300 1916 coelo
1332 1853 1538 1938 pietas
1572 1875 1716 1938 quae
1745 1853 1892 1916 talia
1924 1853 2146 1940 curet)

623 1985 1007 2073 Persolvaznt
1036 2002 1246 2071 grates
1274 1988 1498 2075 dignas
1517 2037 1535 2067 ,
1565 2003 1630 2053 et
1660 1991 1921 2076 praemia
1950 1989 2226 2053 reddant

594 2122 855 2186 ‚Debita
875 2169 893 2199 ,
921 2123 1039 2208 qui
1061 2126 1198 2188 nati
1226 2149 1443 2190 coram
1472 2152 1576 2191 me
1606 2151 1873 2193 cernere
1902 2127 2151 2191 lethum

620 2242 887 2339 Fecisti,
916 2278 980 2325 et
1010 2264 1255 2350 patrios
1284 2264 1534 2329 foedasti
1565 2267 1793 2330 funere
1822 2265 2060 2331 vultus·

619 2403 703 2464 At
722 2422 861 2465 non
880 2401 990 2465 ille
1006 2449 1026 2480 ,Α
1052 2416 1260 2465 satum
1288 2418 1507 2488 quo-te
1528 2404 1822 2467 mentiris
1843 2450 1869 2481 r
1890 2401 2172 2467 Achilles

615 2544 781 2609 Talis
801 2544 871 2609 in'
896 2544 1081 2609 hoste
1105 2543 1225 2607 fuit
1246 2544 1503 2607 Priamo
1524 2567 1541 2619 3
1576 2541 1687 2606 sed
1701 2544 1851 2625 jura
1875 2539 2200 2625 fidemque

614 2687 935 2773 Supplicis
956 2685 1217 2750 erubuit
1232 2733 1249 2763 ,
1278 2706 1641 2772 corpusque
1665 2703 1981 2767 exsangue
2005 2679 2301 2766 sepulcro

616 2825 923 2890 Reddidit
944 2832 1333 2891 Hectoreum
1350 2873 1367 2903 ‚
1395 2844 1627 2908 meque
1651 2820 1720 2883 in
1743 2842 1884 2883 mea
1905 2841 2106 2904 regna
2127 2816 2393 2881 remisit.
2422 2844 2458 2873 »r

617 2960 723 3024 Sic
749 2961 915 3024 fatus
944 2962 1183 3039 senior,
1212 2960 1544 3045 telumque
1569 2955 1830 3020 imbelle
1860 2956 1997 3018 sine
2026 2955 2164 3019 ictu

614 3098 910 3183 Conjecit
925 3145 943 3175 ,
970 3122 1165 3163 rauco
1191 3098 1367 3184 quod
1387 3098 1688 3184 protinus
1712 3116 1836 3158 aere
1862 3093 2232 3180 repulsum,

610 3240 689 3299 Et
713 3258 961 3300 summo
988 3236 1197 3323 clypei
1220 3234 1651 3320 nequicquam
1675 3233 1958 3297 umbone
1981 3230 2316 3318 pependit.

610 3374 733 3437 Cui
755 3372 1044 3459 Pyrrhus
1068 3396 1083 3433 ε
1116 3401 1143 3430 «
1168 3372 1431 3435 Reseres
1455 3394 1614 3457 ergo
1638 3370 1774 3433 haec
1798 3386 1864 3433 et
1886 3369 2151 3431 nuntius
2178 3366 2308 3449 ibis

608 3509 846 3573 Pelidae
877 3508 1155 3595 genitori
1180 3535 1195 3572 ε
1223 3509 1319 3573 illi
1348 3530 1489 3571 mea
1520 3509 1728 3571 tristia
1757 3508 1924 3570 facta
1945 3552 1962 3581 ,

609 3650 1143 3730 Degeneremque
1166 3644 1663 3731 Neoptolemum
1684 3691 1702 3722 ‚
1729 3663 1994 3706 narrare
2017 3656 2384 3705 memento„

610 3786 795 3846 Nunc
818 3803 1095 3845 morere.
1128 3810 1165 3839 »—
1179 3787 1318 3847 Hoc
1342 3782 1562 3847 dicens
1576 3829 1594 3861 ,
1623 3782 1846 3845 altaria
1869 3780 1949 3843 ad
1969 3781 2106 3868 ipsa
2128 3794 2512 3844 trementem

609 3918 827 3982 Traxit
846 3966 864 3997 ,
894 3934 959 3983 et
986 3920 1055 3982 in
1081 3920 1285 3983 multo
1316 3918 2010 4007 lapsantemysanguine
2038 3918 2204 3993 nati3

605 4053 1058 4143 Implicuitque
1080 4077 1326 4120 comam
1348 4057 1503 4123 laeva
1521 4105 1540 4135 ,
1568 4057 1920 4142 dextraque
1944 4078 2286 4119 coruscum
