3059 4809
615 449 736 516 188
1092 452 1564 516 AENEIDOS
1621 454 1914 517 LIBER
1974 455 2067 516 11.
2397 471 2444 501 v.
2481 468 2596 515 7²⁰·

696 582 847 643 Haec
874 579 1039 642 fatus
1054 626 1073 657 ‚
1098 579 1263 643 latos
1289 580 1593 643 humeros
1621 580 2036 666 subjectaque
2067 580 2231 644 colla

607 719 803 781 Veste
834 738 1028 803 super
1058 716 1346 803 fulvique
1376 716 1708 781 insternor
1739 716 1912 803 pelle
1941 717 2147 782 leonis
2166 766 2183 796 ‚

610 853 1032 940 succedoque
1065 854 1289 919 oneri:
1316 855 1558 919 dextrae
1586 879 1652 919 se
1685 878 1922 942 parvus
1953 857 2126 921 Iulus

608 990 966 1081 Implicuit‚
991 994 1412 1081 sequiturque
1433 1009 1686 1081 patrem
1707 1018 1846 1059 non
1867 996 2156 1082 passibus
2183 998 2382 1084 aequis
2396 998 2486 1073 ⁴⁵3

608 1134 793 1193 Pone
816 1130 989 1194 subit
1012 1132 1272 1216 conjux.
1300 1132 1594 1195 Ferimur
1615 1156 1735 1220 per
1758 1157 1955 1221 opaca
1977 1135 2311 1199 locorum:

608 1271 692 1331 Et
710 1291 816 1332 me
831 1316 849 1347 ,
882 1291 1075 1355 quem
1098 1268 1343 1333 dudum
1364 1292 1503 1333 non
1525 1270 1654 1344 ulla
1675 1271 1912 1357 injecta
1943 1275 2293 1339 movebant
2308 1274 2365 1314 ⁴⁶

608 1406 759 1471 Tela
778 1455 795 1486 ,
822 1430 1037 1493 neque
1063 1397 1333 1473 adverso
1363 1408 1705 1495 glomerati
1736 1432 1814 1473 ex
1843 1410 2096 1497 agmine
2125 1412 2342 1489 Graii,

610 1548 796 1609 Nunc
827 1567 1053 1609 omnes
1080 1560 1333 1609 terrent
1362 1568 1531 1609 aurae
1551 1592 1567 1625 ,
1596 1568 1794 1610 sonus
1825 1548 2060 1611 excitat
2092 1549 2301 1612 omnis

607 1662 1031 1769 Suspensum,
1060 1697 1126 1745 et
1147 1683 1393 1770 pariter
1414 1683 1765 1769 comitique
1788 1685 2104 1771 onerique
2129 1685 2493 1749 timentem.

610 1825 884 1908 Jamque
906 1823 1427 1909 propinquabam
1448 1824 1657 1910 portis
1673 1871 1690 1902 ,
1718 1846 2108 1909 omnemque
2129 1825 2395 1897 videbar
2409 1826 2462 1867 ⁴⁷

610 1955 891 2019 Evasisse
918 1956 1160 2033 vicem;
1190 1957 1403 2021 subito
1436 1981 1583 2022 cum
1611 1957 1842 2021 creber
1870 1958 1952 2021 ad
1983 1980 2170 2023 aures

609 2093 795 2159 Visus
817 2093 1033 2159 adesse
1057 2096 1295 2180 pedum
1317 2098 1600 2160 sonitus:
1628 2099 2016 2185 genitorque
2039 2121 2158 2186 per
2181 2099 2480 2163 umbram

610 2232 1052 2318 Prospiciens:
1082 2261 1110 2289 α
1135 2237 1292 2298 Nate
1308 2281 1325 2312 ‚
1355 2235 1700 2316 exclamat,
1729 2237 1879 2324 fuge
1894 2285 1911 2316 ,
1936 2252 2116 2314 nate;
2145 2239 2630 2325 propinquant3

610 2375 932 2440 Ardentes
963 2375 1225 2463 clypeos
1256 2393 1449 2464 atque
1480 2401 1606 2443 aera
1635 2381 1935 2443 micantia
1967 2402 2191 2444 cerno.
2220 2409 2248 2438 »

610 2516 728 2579 Hic
750 2514 908 2578 mihi
928 2515 1146 2605 nescio
1170 2515 1347 2601 quod
1370 2515 1630 2602 trepido
1651 2514 1816 2579 male
1837 2538 2082 2580 numen
2103 2518 2378 2580 amicum
2398 2516 2404 2523 ’

610 2656 959 2743 Confusam
985 2656 1221 2742 eripuit
1244 2670 1529 2720 mentem
1553 2680 1568 2718 z
1591 2678 1879 2742 ⁴namque
1901 2658 2040 2721 avia
2063 2680 2254 2721 cursu

610 2800 785 2859 Dum
807 2816 1068 2885 sequor,
1102 2809 1167 2857 et
1192 2810 1347 2858 nota
1371 2794 1612 2859 excedo
1636 2794 1904 2880 regione
1931 2796 2180 2860 viarum
2197 2843 2216 2871 ,

610 2936 790 2996 Heu!
817 2931 1051 2995 misero
1084 2932 1317 3015 conjux
1344 2932 1567 2995 fatone
1600 2946 1823 3017 erepta
1850 2932 2090 2994 Creusa

609 3068 913 3135 Substitit
931 3116 949 3147 ,
977 3068 1301 3133 erravitne
1330 3068 1433 3132 via
1452 3116 1469 3146 ‚
1498 3092 1612 3133 seu
1642 3067 1799 3132 lassa
1830 3068 2067 3132 resedit
2086 3116 2109 3146 ,,

609 3210 938 3271 Incertum
958 3230 973 3281 ς
1000 3229 1123 3270 nec
1148 3214 1296 3294 post
1318 3206 1524 3271 oculis
1548 3222 1644 3270 est
1667 3206 1917 3271 reddita
1941 3208 2206 3271 nostris.

609 3347 739 3407 Nec
760 3344 940 3430 prius
966 3344 1253 3409 amissam
1277 3344 1562 3431 respexi,
1589 3344 1953 3407 animumve
1977 3342 2233 3422 reflexi,

608 3486 821 3565 Quam
845 3481 1163 3547 tumulum
1186 3487 1467 3570 antiquae
1493 3484 1750 3547 Cereris
1773 3482 2118 3568 sedemque
2142 3496 2450 3545 sacratam

604 3620 950 3686 Venimus:
978 3621 1083 3684 hic
1112 3623 1371 3687 demum
1406 3620 1694 3685 collectis
1721 3620 2024 3685 omnibus
2053 3640 2180 3681 una

604 3757 864 3835 Defuit;
895 3774 961 3823 et
982 3759 1281 3838 comiteS,
1310 3774 1699 3845 natumque,
1725 3758 2064 3843 virumque
2081 3803 2098 3834 ,
2127 3753 2376 3818 fefellit.

607 3902 822 3981 Quem
846 3920 981 3961 non
1007 3897 1290 3962 incusavi
1311 3920 1529 3961 amens
1553 3896 2018 3981 hominumque
2041 3892 2482 3981 deorumque?

608 4037 737 4099 Aut
760 4020 917 4121 quid
938 4036 1006 4100 in
1031 4054 1254 4100 eversa
1274 4036 1408 4100 vidi
1431 4032 1754 4100 crudelius
1780 4032 1941 4095 urbe
1957 4032 1986 4091 Ρ
