3059 4809
628 440 749 500 112
1137 438 1606 501 AENElDos
1666 438 1960 500 LIBER
2019 437 2071 497 1.
2361 402 2592 494 ’πνοι

617 575 931 663 Reginam
954 574 1141 661 petit.
1168 578 1317 640 Haec
1340 574 1543 639 oculis
1561 622 1580 653 ,
1608 574 1741 638 haec
1763 589 2030 661 pectore
2053 588 2196 638 toto
2215 622 2232 652 ,

616 718 835 777 Haeret
855 761 874 793 ,
908 728 976 776 et
999 712 1329 777 interdum
1352 712 1600 799 gremio
1630 713 1808 777 fovet
1830 761 1847 792 ,
1877 712 2077 777 inscia
2110 713 2283 778 Dido

614 852 858 917 lnsidat
879 868 1159 939 quantus
1180 854 1427 917 miserae
1450 852 1632 916 deus.
1661 853 1746 915 At
1767 873 2020 916 memor
2038 851 2149 915 ille

614 977 834 1041 Matris
852 976 1150 1041 Acidaliae
1168 977 1475 1063 paulatim
1498 976 1762 1041 abolere
1788 976 2128 1064 Sychaeum

613 1118 848 1204 Incipit
868 1164 887 1195 ,
916 1132 982 1181 et
1003 1117 1154 1181 vivo
1180 1132 1387 1181 tentat
1408 1131 1802 1203 praevertere
1830 1138 2050 1189 amore

615 1260 653 1320 J
656 1278 759 1319 am
780 1255 1033 1340 pridem
1057 1253 1297 1319 resides
1317 1254 1568 1318 animos
1589 1253 1977 1340 desuetaque
1999 1254 2219 1333 mrda.

704 1840 1057 1921 Postquam
1080 1836 1287 1922 prima
1311 1836 1491 1921 quies
1514 1835 1720 1922 epulis
1740 1883 1757 1914 ,
1788 1856 2151 1921 mensaeque
2175 1849 2437 1899 remotae
2452 1881 2470 1910 ,

620 1974 917 2035 Crateras
945 1993 1213 2059 magnos
1244 1988 1537 2037 statuunt
1555 2020 1572 2052 ,
1601 1987 1667 2037 et
1699 1974 1846 2039 vina
1872 1988 2214 2038 coronant.

622 2108 722 2171 Fit
749 2110 1055 2197 strepitus
1076 2112 1262 2175 tectis
1279 2159 1298 2190 ,
1331 2134 1690 2198 vocemque
1710 2134 1832 2199 per
1854 2111 2065 2199 ampla
2085 2110 2381 2176 volutant

618 2248 799 2312 Atria
826 2273 843 2312 ε
872 2247 1243 2336 dependent
1263 2248 1485 2335 lychni
1514 2249 1924 2335 laquearibus
1954 2248 2162 2312 aureis

618 2389 872 2453 Incensi
890 2434 908 2466 ,
936 2402 1003 2452 et
1024 2403 1285 2452 noctem
1316 2387 1585 2451 flammis
1614 2389 1854 2452 funalia
1885 2388 2177 2452 vincunt.

620 2533 741 2597 Hic
772 2530 995 2618 regina
1025 2550 1283 2615 gravem
1308 2529 1577 2613 gemmis
1605 2549 1893 2613 auroque
1925 2526 2218 2613 poposcit
2234 2573 2251 2604 ,

618 2669 1049 2757 Implevitque
1070 2688 1284 2745 mero,
1320 2682 1609 2753 pateram
1628 2713 1645 2744 ,
1682 2686 1877 2751 quam
1902 2664 2093 2731 Belus
2124 2680 2189 2729 et
2219 2686 2440 2729 omnes

621 2810 677 2869 Α
703 2806 857 2871 Belo
880 2800 1075 2869 soliti.
1101 2805 1261 2865 Tum
1284 2802 1447 2866 facta
1470 2801 1725 2866 silentia
1747 2802 1934 2866 tectis
1961 2827 1977 2864 ε

719 3500 748 3529 α
769 3468 1049 3556 Jupiter,
1082 3468 1444 3555 hospitibus
1464 3492 1613 3534 nam
1638 3486 1701 3535 te
1724 3466 1878 3534 dare
1892 3473 2039 3554 jura
2067 3469 2450 3556 loquuntur,

626 3612 813 3672 Hunc
839 3604 1056 3668 laetum
1085 3606 1419 3692 Tyriisque
1449 3606 1619 3672 diem
1646 3612 1963 3695 Trojaque
1988 3608 2295 3695 profectis

627 3746 776 3808 Esse
798 3740 988 3819 velie„
1022 3756 1405 3829 nostrosque
1438 3742 1626 3829 hujus
1655 3746 2016 3809 meminisse
2039 3745 2360 3811 minores:

620 3880 802 3945 Adsit
821 3878 1054 3943 laetitiae
1082 3881 1367 3945 Bacchus
1388 3882 1600 3961 dator,
1634 3898 1699 3947 et
1722 3884 1893 3948 bona
1920 3887 2120 3948 Juno.

622 4022 702 4081 Et
733 4042 845 4083 vos
866 4066 883 4096 ,
919 4041 959 4081 o
992 4032 1227 4082 coetum
1249 4067 1267 4097 ‚
1298 4022 1509 4106 Tyrii,
1545 4022 1865 4086 celebrate
1895 4023 2203 4086 faventes.
2248 4052 2275 4080 »
