3059 4809
682 419 805 480 226
1148 424 1617 476 ΛιΝΕιυυυ
1677 420 1970 472 nuum
2033 433 2168 468 ιιι.

684 541 1011 605 Obscenas
1032 537 1243 624 pelagi
1258 537 1440 601 ‘ferro
1461 534 1706 600 foedare
1727 533 2043 599 volucres.

682 677 811 742 Sed
830 697 1043 761 neque
1065 675 1194 769 vim
1215 672 1451 760 plumis
1472 669 1670 735 ullam
1689 692 1812 734 nec
1837 669 2102 734 vulnera
2123 682 2309 753 tergo

679 815 1055 902 Accipiunt3
1084 811 1405 897 celerique
1427 809 1576 895 fuga
1599 809 1718 872 sub
1741 807 1946 870 sidera
1972 805 2160 892 lapsae
2182 852 2199 883 ‚

679 955 1000 1017 Semesam
1025 950 1307 1038 praedam
1333 964 1398 1012 et
1420 948 1687 1034 vestigia
1709 946 1878 1012 foeda
1901 928 2302 1032 relinquunt.

676 1097 817 1158 Una
842 1093 911 1155 in
932 1089 1233 1177 proecelsa
1262 1087 1553 1152 consedit
1575 1109 1736 1170 rupe
1759 1087 2018 1150 Celoeno
2037 1135 2054 1165 ‚

674 1227 905 1292 Infelix
926 1242 1101 1291 vates
1114 1272 1131 1304 ,
1163 1223 1538 1311 rumpitque
1561 1222 1728 1286 hanc
1749 1237 2015 1308 pectore
2037 1245 2262 1288 vocem
2284 1249 2300 1285 ε

681 1395 710 1424 α
744 1365 994 1429 Bellum
1018 1364 1208 1428 etiam
1231 1386 1354 1449 pro
1379 1361 1549 1426 caede
1572 1361 1771 1424 boum
1797 1361 2140 1446 stratisque
2159 1362 2454 1444 juvencis
2469 1409 2487 1440 ,

676 1501 1228 1567 Laomedontiadae
1242 1548 1258 1578 ,
1286 1499 1617 1564 bellumne
1641 1499 1880 1563 inferre
1902 1499 2142 1586 paratis
2160 1546 2178 1577 ‚

676 1641 759 1701 Et
780 1639 990 1724 patrio
1015 1638 1329 1725 Harpyias
1350 1638 1639 1702 insontes
1659 1637 1906 1724 pellere
1929 1638 2177 1724 regno?

675 1775 963 1861 Accipite
986 1797 1143 1860 ergo
1158 1814 1181 1852 ·,
1204 1775 1434 1838 animis
1456 1790 1650 1861 atque
1673 1773 1808 1839 haec
1831 1796 1972 1838 mea
1994 1773 2170 1860 figite
2190 1772 2360 1836 dicta
2383 1797 2398 1834 ε

677 1918 837 1996 Quae
859 1913 1107 1976 Phoebo
1135 1918 1327 1977 Pater
1352 1904 1762 2001 omnipotens
1776 1959 1793 1991 ,
1822 1912 1980 1976 mihi
2001 1911 2283 1976 Phoebus
2303 1910 2537 1998 Apollo

676 2052 979 2115 Praedixit
992 2100 1010 2131 ‚
1037 2055 1221 2118 vobis
1240 2055 1577 2119 Furiarum
1601 2076 1722 2139 ego
1746 2053 2015 2116 maxima
2036 2051 2274 2138 pand0.

672 2190 918 2254 Italiam
943 2214 1130 2255 cursu
1157 2193 1409 2280 petitis,
1439 2193 1778 2279 ventisque
1805 2192 2049 2257 vocatis

673 2325 856 2389 Ibitis
875 2325 1120 2390 ltaliam
1136 2375 1155 2401 ‚
1185 2343 1543 2414 portusque
1565 2329 1809 2393 intrare
1833 2328 2093 2393 licebit:

677 2464 807 2529 Sed
825 2487 961 2529 non
984 2463 1135 2530 ante
1155 2466 1367 2530 datam
1394 2468 1664 2553 cingetis
1688 2460 2008 2531 moenibus
2034 2468 2260 2531 urbem
2276 2515 2292 2544 ,

678 2602 886 2683 Quam
909 2623 1023 2665 vos
1044 2597 1185 2664 dira
1205 2601 1399 2666 fames
1418 2649 1436 2680 ,
1460 2619 1828 2688 nostraeque
1857 2603 2091 2686 injuria
2111 2601 2296 2666 caedis
2315 2649 2331 2678 ‚

677 2737 978 2799 Ambesas
999 2738 1250 2822 subigat
1272 2738 1451 2801 malis
1475 2736 1810 2802 absumere
1834 2759 2101 2802 mensas·
2140 2768 2168 2797 a
2237 2753 2242 2758 ·

762 3202 971 3280 Dixit,
1001 3218 1066 3265 et
1086 3203 1153 3266 in
1178 3193 1399 3267 silvam
1418 3205 1652 3291 pennis
1676 3205 1886 3269 ablata
1910 3205 2167 3292 refugit.

672 3339 759 3402 At
783 3337 971 3402 sociis
990 3336 1198 3400 subita
1217 3338 1465 3424 gelidus
1485 3340 1832 3437 formidine
1853 3342 2106 3427 sanguis

671 3474 1009 3560 Deriguit:
1038 3474 1327 3538 cecidere
1348 3475 1580 3553 animi,
1611 3500 1734 3541 nec
1747 3481 1879 3562 jam
1907 3473 2178 3565 amplius
2205 3471 2398 3540 armis
2418 3519 2436 3554 ,

675 3610 803 3676 Sed
828 3602 991 3676 votis
1010 3611 1436 3698 precibusque
1454 3614 1693 3696 jubent
1716 3639 2059 3701 exposcere
2081 3591 2304 3704 pacem
2321 3663 2338 3695 ,

673 3749 821 3813 Sive
841 3727 975 3810 deae
992 3794 1010 3825 ‚
1040 3769 1152 3810 seu
1174 3748 1303 3811 sint
1322 3747 1477 3813 dirae
1499 3751 1924 3839 obscenaeque
1950 3754 2266 3819 volucres·

670 3883 752 3946 Et
774 3898 955 3969 pater
979 3882 1285 3947 Anchises
1304 3933 1321 3963 ,
1348 3888 1548 3972 passis
1570 3888 1651 3953 de
1674 3889 1894 3955 littore
1917 3892 2143 3978 palmis
2158 3939 2176 3971 ,

670 4020 943 4083 Numina
964 4041 1191 4106 magna
1219 4040 1406 4087 vocat
1423 4073 1439 4102 ,
1475 4027 1867 4112 meritosque
1893 4030 2120 4094 indicit
2144 4030 2426 4096 honores
2449 4039 2494 4095 :'
