3059 4809
732 393 861 453 240
1212 389 1674 450 AENEIDOS
1737 390 2034 452 LIBER
2078 391 2214 450 111.
2489 395 2672 442 *οΙιυιο

730 517 986 604 Lyctius
1014 515 1395 580 Idomeneus
1418 537 1435 590 ;
1472 513 1579 578 hic
1607 511 1717 577 illa
1747 513 1926 578 ducis
1956 512 2236 577 Meliboei

729 661 933 720 Parva
961 651 1339 718 Philoctetae
1368 651 1638 715 subnixa
1669 650 1900 714 Petilia
1926 671 2138 716 muro.

729 791 905 876 Quin
925 839 942 868 ,
980 791 1091 855 ubi
1121 789 1505 854 transmissae
1538 791 1840 855 steterint
1870 806 2050 854 trans
2083 814 2342 878 aequora
2375 791 2642 872 classes„

732 933 809 995 Et
840 929 1064 1015 positis
1096 929 1221 992 aris
1242 930 1380 1012 jam
1411 943 1563 992 vota
1591 928 1660 991 in
1690 927 1909 992 littore
1937 928 2182 1006 solves3

727 1073 1069 1154 Purpureo
1101 1064 1316 1130 velare
1349 1083 1562 1130 comas
1591 1064 1942 1151 adopertus
1971 1066 2208 1130 amictu
2229 1112 2246 1143 ‚

725 1209 816 1269 Ne
850 1226 977 1291 qua
1006 1203 1181 1268 inter
1210 1216 1465 1267 sanctos
1492 1201 1674 1288 ignes
1701 1203 1771 1265 in
1803 1203 2056 1268 honore
2085 1204 2356 1271 deorum

720 1343 985 1408 Hostilis
1013 1341 1205 1408 facies
1234 1357 1534 1406 occurrat
1551 1389 1568 1420 ,
1603 1357 1669 1406 et
1699 1343 1916 1408 omina
1939 1346 2188 1409 turbet.

718 1488 905 1550 Hunc
934 1482 1091 1548 socii
1118 1503 1369 1546 morem
1398 1502 1728 1545 sacrorum
1745 1528 1762 1559 ,
1799 1479 1974 1545 hunc
2003 1465 2139 1570 ipse
2170 1499 2424 1563 tenet0‚

717 1625 851 1687 Hac
881 1621 1035 1686 casti
1065 1634 1366 1685 maneant
1392 1619 1463 1682 in
1495 1618 1814 1706 religione
1843 1638 2136 1708 nepotes.

714 1759 830 1822 Ast
850 1805 867 1836 ,
905 1758 1019 1821 ubi
1048 1756 1411 1844 digressum
1442 1755 1672 1822 Siculoe
1703 1771 1770 1820 te
1799 1757 2161 1824 admoverit
2189 1779 2319 1824 orae
2383 1805 2394 1812 -

714 1898 961 1960 Ventus
980 1943 997 1970 ,
1035 1910 1102 1958 et
1131 1894 1385 1982 angusti
1412 1909 1746 1959 rarescent
1775 1895 2049 1960 claustra
2078 1897 2331 1974 Pelori,

715 2034 899 2095 Laeva
928 2031 1048 2094 tibi
1084 2029 1273 2095 tellus
1291 2079 1309 2108 ,
1345 2045 1411 2094 et
1442 2030 1644 2117 longo
1677 2029 1833 2095 laeva
1862 2045 2169 2117 petantur

714 2173 999 2253 AEquora
1029 2167 1305 2230 circuitu
1334 2191 1349 2229 ε
1379 2167 1679 2231 dextrum
1710 2168 1859 2256 fuge
1891 2168 2078 2234 littus
2107 2186 2172 2242 et
2206 2171 2427 2234 undas,

715 2312 865 2373 Haec
894 2307 1037 2372 loca
1055 2354 1073 2385 ‚
1110 2306 1173 2370 vi
1204 2306 1534 2392 quondam
1565 2323 1631 2371 et
1664 2322 1840 2372 vasta
1871 2307 2178 2372 convulsa
2207 2308 2385 2372 ruina
2409 2355 2424 2384 ,

712 2451 988 2512 Tantum
1016 2445 1137 2511 aevi
1166 2444 1523 2531 longinqua
1553 2445 1726 2510 valet
1755 2460 2006 2509 mutare
2033 2449 2343 2510 vetustas!

711 2584 1068 2650 Dissiluisse
1099 2583 1319 2647 ferunt
1338 2629 1356 2661 ,
1397 2603 1544 2646 cum
1575 2599 1892 2668 protenus
1921 2597 2196 2668 utraque
2227 2580 2418 2644 tellus

713 2726 857 2788 Una
883 2722 1054 2786 foret
1086 2745 1103 2785 t
1141 2721 1315 2784 venit
1345 2719 1560 2784 medio
1593 2719 1657 2783 vi
1691 2736 1930 2806 pontus
1950 2768 1966 2798 ,
2002 2735 2067 2783 et
2098 2719 2285 2783 undis

713 2867 1094 2952 Hesperium
1127 2864 1343 2931 Siculo
1373 2862 1539 2928 latus
1568 2862 1841 2926 abscidit
1855 2909 1872 2940 ,
1901 2884 2181 2948 arvaque
2212 2877 2279 2926 et
2309 2862 2500 2926 urbes

710 3005 958 3072 Littore
986 3006 1277 3072 diductas
1302 3018 1578 3090 augusto
1601 3001 1896 3068 interluit
1925 3017 2103 3066 aestu.

710 3150 1029 3210 Dextrum
1058 3145 1273 3233 Scylla
1304 3143 1471 3207 latus
1487 3191 1504 3222 ,
1540 3142 1772 3206 laevum
1803 3141 2136 3227 implacata
2171 3137 2534 3225 Charybdis

714 3285 989 3350 Obsidet
1006 3331 1023 3362 ,
1058 3297 1250 3367 atque
1276 3281 1407 3345 imo
1441 3278 1734 3344 barathri
1763 3294 1865 3342 ter
1896 3277 2150 3365 gurgite
2182 3291 2389 3340 vastos

712 3423 950 3487 Sorbet
977 3421 1047 3484 in
1076 3419 1424 3506 abruptum
1457 3417 1688 3481 fluctus
1706 3465 1723 3496 ‚
1761 3438 2106 3502 rursusque
2138 3414 2257 3478 sub
2284 3434 2467 3476 auras

709 3559 917 3646 Erigit
944 3557 1229 3621 alternos
1247 3605 1264 3636 ,
1298 3570 1366 3620 et
1398 3555 1610 3620 sidera
1642 3557 1942 3621 verberat
1960 3532 2165 3618 unda.

710 3699 795 3758 At
824 3694 1103 3780 Scyllam
1134 3694 1313 3756 caecis
1339 3693 1603 3758 cohibet
1629 3693 1936 3779 spelunca
1963 3690 2258 3767 latebris,

712 3835 846 3897 Ora
878 3843 1305 3895 exsertantem
1325 3878 1342 3909 ‚
1376 3846 1440 3895 et
1470 3851 1670 3895 naves
1697 3831 1766 3894 in
1797 3851 1943 3894 saxa
1973 3827 2357 3892 trahentem.

706 3973 923 4054 Prima
951 3966 1230 4034 hominis
1260 3965 1449 4032 facies
1468 4016 1485 4047 ,
1523 3984 1591 4032 et
1618 3967 1892 4055 pulchro
1924 3981 2188 4053 pectore
2221 3963 2406 4048 virgo
2442 4026 2451 4032 ,
