3059 4809
630 431 751 491 180
1110 428 1578 492 AENEIDOS
1633 429 1928 491 LIBER
1988 431 2082 490 ΙΙ.
2405 425 2596 480 v.624·

620 558 808 620 Ilium
829 604 846 634 ,
883 571 948 619 et
976 578 1053 619 ex
1082 556 1213 619 imo
1246 555 1412 619 verti
1443 555 1766 641 Neptunia
1789 557 2004 639 Troja.

618 699 710 761 Ac
741 695 939 761 veluti
974 694 1233 758 summis
1265 694 1597 779 antiquam
1629 694 1698 757 in
1727 694 2058 787 montibus
2088 716 2325 759 ornum
2355 694 2411 734 ³⁹

621 832 787 895 Cum
816 831 992 895 ferro
1024 831 1295 894 accisam
1327 829 1702 915 crebrisque
1733 829 2127 915 bipennibus
2156 830 2403 893 instant

617 973 862 1034 Eruere
893 970 1188 1056 agricolae
1221 970 1558 1043 certatim3
1593 968 1703 1031 illa
1735 992 1934 1055 usque
1966 969 2274 1044 minatur,

617 1115 698 1174 Et
733 1111 1101 1175 tremefacta
1134 1133 1381 1174 comam
1414 1132 1727 1173 concusso
1757 1108 2000 1174 vertice
2032 1123 2258 1185 nutat3

620 1245 1011 1311 Vulneribus
1044 1245 1253 1309 donec
1284 1244 1592 1330 paulatim
1625 1244 1831 1308 evicta
1851 1293 1868 1324 ,
1904 1266 2276 1330 supremum

621 1383 1045 1470 Congemuit‚
1081 1383 1401 1468 traxitque
1421 1384 1596 1469 jugis
1627 1384 1846 1449 avulsa
1875 1385 2152 1448 ruinam.

619 1523 960 1587 Descendo
980 1570 997 1600 ,
1032 1544 1105 1585 ac
1126 1570 1142 1599 ,
1179 1522 1456 1587 ducente
1487 1522 1611 1586 deo
1633 1570 1651 1600 ‚
1688 1523 2007 1587 flammam
2035 1524 2210 1587 inter
2239 1539 2306 1587 et
2337 1523 2556 1588 hostes
2587 1524 2648 1564 ⁴⁰

619 1664 941 1753 Expedior
969 1689 984 1726 ε
1022 1664 1179 1727 dant
1211 1663 1334 1727 tela
1366 1661 1581 1727 locum
1603 1710 1620 1742 ‚
1655 1663 2051 1749 flammaeque
2085 1664 2421 1728 recedunt.

708 1988 919 2073 Atque
952 1988 1065 2051 ubi
1083 1992 1217 2072 jam
1245 1990 1470 2077 patriae
1501 2004 1889 2077 perventum
1921 1988 2000 2051 ad
2031 1988 2250 2051 limina
2279 1987 2444 2051 sedis
2466 2036 2485 2066 ,

620 2126 1060 2212 Antiquasque
1088 2127 1316 2190 domos
1335 2174 1352 2204 ‚
1390 2126 1684 2213 genitor,
1720 2148 1914 2211 quem
1947 2126 2176 2190 tollere
2207 2126 2276 2189 in
2305 2126 2472 2191 altos

622 2267 948 2353 Optabam
975 2265 1258 2352 primum
1289 2280 1545 2329 montes
1565 2313 1582 2343 ,
1616 2266 2032 2351 primumque
2060 2267 2362 2352 petebam
2381 2313 2400 2344 ,

620 2405 916 2489 Abnegat
946 2402 1150 2465 excisa
1182 2402 1375 2465 vitam
1404 2402 1767 2488 producere
1799 2406 1993 2488 Troja
2019 2405 2074 2445 ⁴¹
2096 2451 2114 2481 ,

636 2542 1071 2627 Exsiliumque
1104 2542 1260 2627 pati.

1294 2711 1322 2739 ιι
1344 2684 1475 2746 Vos
1509 2706 1549 2746 ο
1573 2730 1590 2760 ,
1628 2682 1863 2767 quibus
1893 2683 2150 2769 integer
2181 2684 2298 2748 aevi

622 2824 893 2909 Sanguis
910 2872 927 2902 ,
967 2825 1055 2888 ait
1074 2872 1091 2902 ,
1126 2824 1473 2912 solidoeque
1506 2847 1623 2888 suo
1654 2840 1826 2889 stant
1856 2826 2096 2889 robore
2126 2825 2295 2890 vires
2312 2872 2330 2903 ‚

622 2963 751 3024 Vos
780 2963 1016 3045 agitate
1047 2961 1285 3047 fugam.
1350 2952 1355 2959 ³

624 3102 722 3161 Me
753 3099 806 3161 si
836 3099 1139 3165 eoelicolae
1164 3102 1518 3166 voluissent
1549 3101 1786 3165 ducere
1816 3101 2014 3166 vitam
2035 3148 2051 3179 ,

620 3240 745 3299 Has
773 3236 933 3299 mihi
962 3256 1321 3304 servassent
1348 3240 1530 3304 sedes
1559 3263 1575 3301 ε
1609 3240 1759 3301 satis
1787 3261 1912 3301 una
1942 3260 2264 3324 superque

618 3371 910 3435 Vidimus
940 3376 1185 3440 excidia
1206 3424 1223 3455 ,
1258 3391 1324 3439 et
1354 3392 1554 3462 captae
1585 3376 2024 3463 superavimus
2059 3376 2227 3439 urbi.

618 3508 726 3571 Sic
756 3532 797 3572 o
830 3510 921 3574 sie
948 3513 1229 3596 positum
1260 3513 1433 3576 affati
1462 3512 1770 3577 discedite
1800 3536 2057 3600 corpus,

612 3773 757 3856 lpse
790 3794 983 3836 manu
1011 3791 1290 3839 mortem
1317 3776 1643 3842 inveniam
1665 3799 1682 3851 ;
1717 3774 2132 3839 miserebitur
2159 3775 2362 3839 hostis
2382 3825 2399 3855 ,

611 3908 1013 3996 Exuviasque
1043 3927 1222 3996 petet
1250 3937 1265 3973 :
1300 3912 1499 3976 facilis
1520 3915 1773 3995 jactura
1805 3910 2107 3997 sepulcri.

611 4048 755 4107 Jam
784 4045 1037 4132 pridem
1064 4048 1305 4114 invisus
1334 4049 1499 4112 divis
1518 4096 1537 4127 ,
1573 4063 1637 4111 et
1665 4048 1908 4111 inutilis
1925 4096 1942 4126 ,
1975 4071 2176 4113 annos
