<?xml version="1.0" encoding="UTF-8"?>
<!DOCTYPE html PUBLIC "-//W3C//DTD XHTML 1.0 Transitional//EN"
    "http://www.w3.org/TR/xhtml1/DTD/xhtml1-transitional.dtd">
<html xmlns="http://www.w3.org/1999/xhtml" xml:lang="en" lang="en">
 <head>
  <title>
</title>
<meta http-equiv="Content-Type" content="text/html;charset=utf-8" />
  <meta name='ocr-system' content='tesseract 3.04.00' />
  <meta name='ocr-capabilities' content='ocr_page ocr_carea ocr_par ocr_line ocrx_word'/>
</head>
<body>
  <div class='ocr_page' id='page_1' title='image "./oeuvresdedelill02virggoog_0088.png"; bbox 0 0 3059 4809; ppageno 0'>
   <div class='ocr_carea' id='block_1_1' title="bbox 627 467 2079 531">
    <p class='ocr_par' dir='ltr' id='par_1_1' title="bbox 627 467 2079 531">
     <span class='ocr_line' id='line_1_1' title="bbox 627 467 2079 531; baseline -0.003 0"><span class='ocrx_word' id='word_1_1' title='bbox 627 472 710 531; x_wconf 90' lang='lat'><strong>80</strong></span> <span class='ocrx_word' id='word_1_2' title='bbox 1147 467 1614 530; x_wconf 88' lang='lat' dir='ltr'><strong>AENEIDOS</strong></span> <span class='ocrx_word' id='word_1_3' title='bbox 1673 468 1967 529; x_wconf 89' lang='lat' dir='ltr'>LIBER</span> <span class='ocrx_word' id='word_1_4' title='bbox 2026 469 2079 529; x_wconf 93' lang='grc' dir='ltr'><strong>Ι.</strong></span> 
     </span>
    </p>
   </div>
   <div class='ocr_carea' id='block_1_2' title="bbox 577 618 2324 2913">
    <p class='ocr_par' dir='ltr' id='par_1_2' title="bbox 622 618 2301 1125">
     <span class='ocr_line' id='line_1_2' title="bbox 628 618 2301 704; baseline -0.001 -21"><span class='ocrx_word' id='word_1_5' title='bbox 628 619 810 683; x_wconf 87' lang='lat' dir='ltr'>Clam</span> <span class='ocrx_word' id='word_1_6' title='bbox 835 620 1011 683; x_wconf 87' lang='lat' dir='ltr'><strong>ferro</strong></span> <span class='ocrx_word' id='word_1_7' title='bbox 1033 618 1362 683; x_wconf 88' lang='lat' dir='ltr'><strong>incautum</strong></span> <span class='ocrx_word' id='word_1_8' title='bbox 1387 632 1647 704; x_wconf 87' lang='lat' dir='ltr'><strong>superat</strong></span> <span class='ocrx_word' id='word_1_9' title='bbox 1666 665 1683 695; x_wconf 95' lang='lat'><strong>,</strong></span> <span class='ocrx_word' id='word_1_10' title='bbox 1722 641 1985 682; x_wconf 88' lang='lat' dir='ltr'><strong>securus</strong></span> <span class='ocrx_word' id='word_1_11' title='bbox 2006 640 2301 683; x_wconf 90' lang='lat' dir='ltr'><strong>amorum</strong></span> 
     </span>
     <span class='ocr_line' id='line_1_3' title="bbox 625 759 2248 847; baseline -0.001 -23"><span class='ocrx_word' id='word_1_12' title='bbox 625 762 998 836; x_wconf 81' lang='lat' dir='ltr'><strong>Germanae3</strong></span> <span class='ocrx_word' id='word_1_13' title='bbox 1033 760 1404 846; x_wconf 86' lang='lat' dir='ltr'><strong>factumque</strong></span> <span class='ocrx_word' id='word_1_14' title='bbox 1434 760 1547 823; x_wconf 93' lang='lat' dir='ltr'><strong>diu</strong></span> <span class='ocrx_word' id='word_1_15' title='bbox 1578 759 1841 838; x_wconf 84' lang='lat' dir='ltr'><strong>celavit3</strong></span> <span class='ocrx_word' id='word_1_16' title='bbox 1880 775 1946 823; x_wconf 91' lang='lat' dir='ltr'><strong>et</strong></span> <span class='ocrx_word' id='word_1_17' title='bbox 1975 783 2213 847; x_wconf 85' lang='lat' dir='ltr'><strong>aegram</strong></span> <span class='ocrx_word' id='word_1_18' title='bbox 2230 808 2248 839; x_wconf 93' lang='lat'>‚</span> 
     </span>
     <span class='ocr_line' id='line_1_4' title="bbox 624 896 2278 984; baseline -0.002 -19"><span class='ocrx_word' id='word_1_19' title='bbox 624 901 824 965; x_wconf 88' lang='lat' dir='ltr'><strong>Multa</strong></span> <span class='ocrx_word' id='word_1_20' title='bbox 847 896 1051 962; x_wconf 88' lang='lat' dir='ltr'><strong>malus</strong></span> <span class='ocrx_word' id='word_1_21' title='bbox 1074 897 1378 961; x_wconf 89' lang='lat' dir='ltr'><strong>simulans</strong></span> <span class='ocrx_word' id='word_1_22' title='bbox 1392 942 1412 977; x_wconf 92' lang='lat'><strong><em>,</em></strong></span> <span class='ocrx_word' id='word_1_23' title='bbox 1439 919 1604 961; x_wconf 86' lang='lat' dir='ltr'><strong>vana</strong></span> <span class='ocrx_word' id='word_1_24' title='bbox 1626 918 1739 984; x_wconf 91' lang='lat' dir='ltr'><strong>spe</strong></span> <span class='ocrx_word' id='word_1_25' title='bbox 1762 896 1913 961; x_wconf 88' lang='lat' dir='ltr'><strong>lusit</strong></span> <span class='ocrx_word' id='word_1_26' title='bbox 1934 914 2278 963; x_wconf 86' lang='lat' dir='ltr'><strong>amantem.</strong></span> 
     </span>
     <span class='ocr_line' id='line_1_5' title="bbox 622 1033 2075 1125; baseline -0.001 -25"><span class='ocrx_word' id='word_1_27' title='bbox 622 1040 766 1125; x_wconf 90' lang='lat' dir='ltr'><strong>Ipsa</strong></span> <span class='ocrx_word' id='word_1_28' title='bbox 793 1035 907 1099; x_wconf 89' lang='lat' dir='ltr'><strong>sed</strong></span> <span class='ocrx_word' id='word_1_29' title='bbox 935 1036 1004 1098; x_wconf 93' lang='lat' dir='ltr'><strong>in</strong></span> <span class='ocrx_word' id='word_1_30' title='bbox 1031 1033 1274 1099; x_wconf 91' lang='lat' dir='ltr'><strong>somnis</strong></span> <span class='ocrx_word' id='word_1_31' title='bbox 1301 1034 1619 1097; x_wconf 88' lang='lat' dir='ltr'><strong>inhumati</strong></span> <span class='ocrx_word' id='word_1_32' title='bbox 1652 1034 1833 1098; x_wconf 86' lang='lat' dir='ltr'><strong>venit</strong></span> <span class='ocrx_word' id='word_1_33' title='bbox 1860 1036 2075 1121; x_wconf 85' lang='lat' dir='ltr'><strong>imago</strong></span> 
     </span>
    </p>

    <p class='ocr_par' dir='ltr' id='par_1_3' title="bbox 617 1171 2317 2085">
     <span class='ocr_line' id='line_1_6' title="bbox 628 1171 2172 1259; baseline -0.001 -21"><span class='ocrx_word' id='word_1_34' title='bbox 628 1174 797 1257; x_wconf 87' lang='lat' dir='ltr'><strong>Conj</strong></span> <span class='ocrx_word' id='word_1_35' title='bbox 806 1173 943 1259; x_wconf 89' lang='lat' dir='ltr'><strong>ugis</strong></span> <span class='ocrx_word' id='word_1_36' title='bbox 958 1220 975 1251; x_wconf 92' lang='lat'><strong><em>,</em></strong></span> <span class='ocrx_word' id='word_1_37' title='bbox 1003 1194 1118 1236; x_wconf 86' lang='lat' dir='ltr'><strong>ora</strong></span> <span class='ocrx_word' id='word_1_38' title='bbox 1139 1171 1350 1236; x_wconf 88' lang='lat' dir='ltr'><strong>modis</strong></span> <span class='ocrx_word' id='word_1_39' title='bbox 1371 1171 1677 1236; x_wconf 89' lang='lat' dir='ltr'><strong>attollens</strong></span> <span class='ocrx_word' id='word_1_40' title='bbox 1697 1172 1933 1259; x_wconf 88' lang='lat' dir='ltr'><strong>pallida</strong></span> <span class='ocrx_word' id='word_1_41' title='bbox 1956 1173 2136 1237; x_wconf 89' lang='lat' dir='ltr'><strong>miris</strong></span> <span class='ocrx_word' id='word_1_42' title='bbox 2154 1221 2172 1253; x_wconf 90' lang='lat'>‚</span> 
     </span>
     <span class='ocr_line' id='line_1_7' title="bbox 628 1309 2047 1396; baseline 0.001 -23"><span class='ocrx_word' id='word_1_43' title='bbox 628 1309 942 1373; x_wconf 82' lang='lat' dir='ltr'><strong>Crudeles</strong></span> <span class='ocrx_word' id='word_1_44' title='bbox 970 1330 1112 1372; x_wconf 86' lang='lat' dir='ltr'><strong>aras</strong></span> <span class='ocrx_word' id='word_1_45' title='bbox 1146 1310 1543 1394; x_wconf 87' lang='lat' dir='ltr'><strong>trajectaque</strong></span> <span class='ocrx_word' id='word_1_46' title='bbox 1572 1324 1841 1396; x_wconf 83' lang='lat' dir='ltr'><strong>pectora</strong></span> <span class='ocrx_word' id='word_1_47' title='bbox 1870 1309 2047 1374; x_wconf 88' lang='lat' dir='ltr'><strong>ferro</strong></span> 
     </span>
     <span class='ocr_line' id='line_1_8' title="bbox 623 1445 2317 1541; baseline 0.001 -31"><span class='ocrx_word' id='word_1_48' title='bbox 623 1446 902 1511; x_wconf 82' lang='lat' dir='ltr'><strong>Nudavit</strong></span> <span class='ocrx_word' id='word_1_49' title='bbox 918 1493 936 1524; x_wconf 93' lang='lat'><strong><em>,</em></strong></span> <span class='ocrx_word' id='word_1_50' title='bbox 968 1468 1339 1531; x_wconf 84' lang='lat' dir='ltr'><strong>caecumque</strong></span> <span class='ocrx_word' id='word_1_51' title='bbox 1357 1445 1588 1541; x_wconf 88' lang='lat' dir='ltr'><strong>domus</strong></span> <span class='ocrx_word' id='word_1_52' title='bbox 1613 1446 1820 1511; x_wconf 89' lang='lat' dir='ltr'><strong>scelus</strong></span> <span class='ocrx_word' id='word_1_53' title='bbox 1844 1470 2038 1512; x_wconf 87' lang='lat' dir='ltr'><strong>omne</strong></span> <span class='ocrx_word' id='word_1_54' title='bbox 2060 1448 2317 1512; x_wconf 84' lang='lat' dir='ltr'><strong>retexit.</strong></span> 
     </span>
     <span class='ocr_line' id='line_1_9' title="bbox 621 1584 2305 1672; baseline -0.002 -20"><span class='ocrx_word' id='word_1_55' title='bbox 621 1591 784 1652; x_wconf 91' lang='lat' dir='ltr'><strong>Tum</strong></span> <span class='ocrx_word' id='word_1_56' title='bbox 807 1585 1090 1651; x_wconf 88' lang='lat' dir='ltr'><strong>celerare</strong></span> <span class='ocrx_word' id='word_1_57' title='bbox 1112 1585 1328 1671; x_wconf 88' lang='lat' dir='ltr'><strong>fugam</strong></span> <span class='ocrx_word' id='word_1_58' title='bbox 1350 1584 1688 1672; x_wconf 85' lang='lat' dir='ltr'><strong>patriaque</strong></span> <span class='ocrx_word' id='word_1_59' title='bbox 1712 1586 2023 1651; x_wconf 84' lang='lat' dir='ltr'><strong>excedere</strong></span> <span class='ocrx_word' id='word_1_60' title='bbox 2046 1586 2270 1650; x_wconf 83' lang='lat' dir='ltr'><strong>suadet</strong></span> <span class='ocrx_word' id='word_1_61' title='bbox 2288 1634 2305 1664; x_wconf 91' lang='lat'><strong><em>,</em></strong></span> 
     </span>
     <span class='ocr_line' id='line_1_10' title="bbox 619 1721 2073 1821; baseline -0.001 -33"><span class='ocrx_word' id='word_1_62' title='bbox 619 1723 1069 1821; x_wconf 68' lang='lat' dir='ltr'><strong>Auxiliumque</strong></span> <span class='ocrx_word' id='word_1_63' title='bbox 1097 1722 1216 1787; x_wconf 82' lang='lat' dir='ltr'><strong>viae</strong></span> <span class='ocrx_word' id='word_1_64' title='bbox 1245 1737 1498 1786; x_wconf 79' lang='lat' dir='ltr'><strong>veteres</strong></span> <span class='ocrx_word' id='word_1_65' title='bbox 1529 1721 1763 1785; x_wconf 86' lang='lat' dir='ltr'><strong>tellure</strong></span> <span class='ocrx_word' id='word_1_66' title='bbox 1792 1722 2073 1787; x_wconf 81' lang='lat' dir='ltr'><strong>recludit</strong></span> 
     </span>
     <span class='ocr_line' id='line_1_11' title="bbox 617 1854 2194 1947; baseline -0.001 -22"><span class='ocrx_word' id='word_1_67' title='bbox 617 1860 974 1925; x_wconf 87' lang='lat' dir='ltr'><strong>Thesauros</strong></span> <span class='ocrx_word' id='word_1_68' title='bbox 993 1908 1010 1938; x_wconf 91' lang='lat'><strong><em>,</em></strong></span> <span class='ocrx_word' id='word_1_69' title='bbox 1034 1854 1333 1947; x_wconf 87' lang='lat' dir='ltr'><strong>ignotum</strong></span> <span class='ocrx_word' id='word_1_70' title='bbox 1365 1860 1619 1945; x_wconf 84' lang='lat' dir='ltr'><strong>argenti</strong></span> <span class='ocrx_word' id='word_1_71' title='bbox 1647 1860 1903 1947; x_wconf 91' lang='lat' dir='ltr'><strong>pondus</strong></span> <span class='ocrx_word' id='word_1_72' title='bbox 1934 1874 2001 1923; x_wconf 85' lang='lat' dir='ltr'><strong>et</strong></span> <span class='ocrx_word' id='word_1_73' title='bbox 2032 1862 2194 1925; x_wconf 90' lang='lat' dir='ltr'><strong>auri.</strong></span> 
     </span>
     <span class='ocr_line' id='line_1_12' title="bbox 617 1997 2217 2085; baseline 0.001 -24"><span class='ocrx_word' id='word_1_74' title='bbox 617 1998 735 2061; x_wconf 91' lang='lat' dir='ltr'><strong>His</strong></span> <span class='ocrx_word' id='word_1_75' title='bbox 764 2012 1086 2062; x_wconf 83' lang='lat' dir='ltr'><strong>commota</strong></span> <span class='ocrx_word' id='word_1_76' title='bbox 1114 1997 1532 2084; x_wconf 76' lang='lat' dir='ltr'><strong>fugam-Dido</strong></span> <span class='ocrx_word' id='word_1_77' title='bbox 1562 1998 1897 2084; x_wconf 88' lang='lat' dir='ltr'><strong>sociosque</strong></span> <span class='ocrx_word' id='word_1_78' title='bbox 1927 2000 2217 2085; x_wconf 88' lang='lat' dir='ltr'><strong>parabat.</strong></span> 
     </span>
    </p>

    <p class='ocr_par' dir='ltr' id='par_1_4' title="bbox 577 2112 2324 2913">
     <span class='ocr_line' id='line_1_13' title="bbox 577 2112 2323 2223; baseline 0.001 -22"><span class='ocrx_word' id='word_1_79' title='bbox 577 2126 581 2132; x_wconf 41' lang='lat'>⁸</span> <span class='ocrx_word' id='word_1_80' title='bbox 618 2112 1070 2209; x_wconf 82' lang='lat' dir='ltr'><strong>Conveniunt,</strong></span> <span class='ocrx_word' id='word_1_81' title='bbox 1099 2134 1332 2221; x_wconf 89' lang='lat' dir='ltr'><strong>quibus</strong></span> <span class='ocrx_word' id='word_1_82' title='bbox 1355 2150 1464 2199; x_wconf 86' lang='lat' dir='ltr'><strong>aut</strong></span> <span class='ocrx_word' id='word_1_83' title='bbox 1485 2137 1707 2202; x_wconf 89' lang='lat' dir='ltr'><strong>odium</strong></span> <span class='ocrx_word' id='word_1_84' title='bbox 1733 2136 1995 2201; x_wconf 91' lang='lat' dir='ltr'><strong>crudele</strong></span> <span class='ocrx_word' id='word_1_85' title='bbox 2026 2138 2323 2223; x_wconf 82' lang='lat' dir='ltr'><strong>tyranni,</strong></span> 
     </span>
     <span class='ocr_line' id='line_1_14' title="bbox 618 2242 2324 2364; baseline 0.001 -24"><span class='ocrx_word' id='word_1_86' title='bbox 618 2280 750 2341; x_wconf 84' lang='lat' dir='ltr'><strong>Aut</strong></span> <span class='ocrx_word' id='word_1_87' title='bbox 775 2290 989 2339; x_wconf 88' lang='lat' dir='ltr'><strong>metus</strong></span> <span class='ocrx_word' id='word_1_88' title='bbox 1018 2294 1166 2337; x_wconf 86' lang='lat' dir='ltr'><strong>acer</strong></span> <span class='ocrx_word' id='word_1_89' title='bbox 1197 2289 1374 2339; x_wconf 88' lang='lat' dir='ltr'><strong>erat:</strong></span> <span class='ocrx_word' id='word_1_90' title='bbox 1404 2296 1602 2338; x_wconf 86' lang='lat' dir='ltr'><strong>naves</strong></span> <span class='ocrx_word' id='word_1_91' title='bbox 1625 2321 1643 2352; x_wconf 93' lang='lat'>‚</span> <span class='ocrx_word' id='word_1_92' title='bbox 1676 2299 1819 2361; x_wconf 83' lang='lat' dir='ltr'><strong>quae</strong></span> <span class='ocrx_word' id='word_1_93' title='bbox 1847 2277 2017 2341; x_wconf 84' lang='lat' dir='ltr'><strong>forte</strong></span> <span class='ocrx_word' id='word_1_94' title='bbox 2048 2242 2285 2364; x_wconf 77' lang='lat' dir='ltr'><strong>pai-atae</strong></span> <span class='ocrx_word' id='word_1_95' title='bbox 2303 2319 2324 2356; x_wconf 81' lang='lat'>‚</span> 
     </span>
     <span class='ocr_line' id='line_1_15' title="bbox 620 2397 2315 2501; baseline -0.001 -23"><span class='ocrx_word' id='word_1_96' title='bbox 620 2412 1007 2501; x_wconf 89' lang='lat' dir='ltr'><strong>Corripiunt</strong></span> <span class='ocrx_word' id='word_1_97' title='bbox 1026 2459 1044 2492; x_wconf 88' lang='lat'><strong><em>,</em></strong></span> <span class='ocrx_word' id='word_1_98' title='bbox 1080 2397 1488 2497; x_wconf 81' lang='lat' dir='ltr'><strong>onerantque</strong></span> <span class='ocrx_word' id='word_1_99' title='bbox 1517 2433 1715 2488; x_wconf 84' lang='lat' dir='ltr'><strong>auro3</strong></span> <span class='ocrx_word' id='word_1_100' title='bbox 1751 2428 2101 2498; x_wconf 89' lang='lat' dir='ltr'><strong>portantur</strong></span> <span class='ocrx_word' id='word_1_101' title='bbox 2134 2415 2315 2479; x_wconf 62' lang='lat' dir='ltr'><strong>avari*</strong></span> 
     </span>
     <span class='ocr_line' id='line_1_16' title="bbox 616 2548 2178 2641; baseline -0.003 -23"><span class='ocrx_word' id='word_1_102' title='bbox 616 2551 1055 2641; x_wconf 83' lang='lat' dir='ltr'><strong>Pygmalionis</strong></span> <span class='ocrx_word' id='word_1_103' title='bbox 1084 2573 1241 2638; x_wconf 88' lang='lat' dir='ltr'><strong>opes</strong></span> <span class='ocrx_word' id='word_1_104' title='bbox 1271 2548 1503 2637; x_wconf 86' lang='lat' dir='ltr'><strong>pelago</strong></span> <span class='ocrx_word' id='word_1_105' title='bbox 1529 2572 1545 2611; x_wconf 74' lang='grc' dir='ltr'><strong><em>ε</em></strong></span> <span class='ocrx_word' id='word_1_106' title='bbox 1578 2549 1704 2613; x_wconf 87' lang='lat' dir='ltr'><strong>dux</strong></span> <span class='ocrx_word' id='word_1_107' title='bbox 1736 2549 1975 2615; x_wconf 88' lang='lat' dir='ltr'><strong>femina</strong></span> <span class='ocrx_word' id='word_1_108' title='bbox 2002 2552 2178 2616; x_wconf 88' lang='lat' dir='ltr'><strong>facti.</strong></span> 
     </span>
     <span class='ocr_line' id='line_1_17' title="bbox 615 2684 2133 2773; baseline 0.001 -23"><span class='ocrx_word' id='word_1_109' title='bbox 615 2691 956 2751; x_wconf 83' lang='lat' dir='ltr'><strong>Devenere</strong></span> <span class='ocrx_word' id='word_1_110' title='bbox 986 2686 1164 2750; x_wconf 91' lang='lat' dir='ltr'><strong>locos</strong></span> <span class='ocrx_word' id='word_1_111' title='bbox 1183 2732 1200 2764; x_wconf 91' lang='lat'>,</span> <span class='ocrx_word' id='word_1_112' title='bbox 1238 2685 1349 2748; x_wconf 91' lang='lat' dir='ltr'><strong>ubi</strong></span> <span class='ocrx_word' id='word_1_113' title='bbox 1379 2708 1556 2749; x_wconf 88' lang='lat' dir='ltr'><strong>nunc</strong></span> <span class='ocrx_word' id='word_1_114' title='bbox 1583 2684 1873 2773; x_wconf 85' lang='lat' dir='ltr'><strong>ingentia</strong></span> <span class='ocrx_word' id='word_1_115' title='bbox 1906 2711 2133 2752; x_wconf 89' lang='lat' dir='ltr'><strong>cernes</strong></span> 
     </span>
     <span class='ocr_line' id='line_1_18' title="bbox 612 2826 2322 2913; baseline 0.002 -25"><span class='ocrx_word' id='word_1_116' title='bbox 612 2827 844 2891; x_wconf 87' lang='lat' dir='ltr'><strong>Moenia</strong></span> <span class='ocrx_word' id='word_1_117' title='bbox 861 2874 878 2905; x_wconf 92' lang='lat'><strong>,</strong></span> <span class='ocrx_word' id='word_1_118' title='bbox 907 2839 1406 2911; x_wconf 87' lang='lat' dir='ltr'><strong>surgentemque</strong></span> <span class='ocrx_word' id='word_1_119' title='bbox 1428 2847 1615 2890; x_wconf 82' lang='lat' dir='ltr'><strong>novae</strong></span> <span class='ocrx_word' id='word_1_120' title='bbox 1640 2826 2048 2913; x_wconf 88' lang='lat' dir='ltr'><strong>Carthaginis</strong></span> <span class='ocrx_word' id='word_1_121' title='bbox 2062 2851 2283 2895; x_wconf 84' lang='lat' dir='ltr'><strong>arcem</strong></span> <span class='ocrx_word' id='word_1_122' title='bbox 2306 2854 2322 2892; x_wconf 73' lang='grc' dir='ltr'><strong><em>ε</em></strong></span> 
     </span>
    </p>
   </div>
   <div class='ocr_carea' id='block_1_3' title="bbox 611 2963 2200 3051">
    <p class='ocr_par' dir='ltr' id='par_1_5' title="bbox 611 2963 2200 3051">
     <span class='ocr_line' id='line_1_19' title="bbox 611 2963 2200 3051; baseline 0.003 -25"><span class='ocrx_word' id='word_1_123' title='bbox 611 2964 1005 3049; x_wconf 87' lang='lat' dir='ltr'><strong>Mercatique</strong></span> <span class='ocrx_word' id='word_1_124' title='bbox 1037 2963 1246 3027; x_wconf 88' lang='lat' dir='ltr'><strong>solum</strong></span> <span class='ocrx_word' id='word_1_125' title='bbox 1266 3011 1283 3042; x_wconf 92' lang='lat'><strong>,</strong></span> <span class='ocrx_word' id='word_1_126' title='bbox 1310 2963 1460 3029; x_wconf 81' lang='lat' dir='ltr'><strong>facti</strong></span> <span class='ocrx_word' id='word_1_127' title='bbox 1488 2963 1571 3027; x_wconf 93' lang='lat' dir='ltr'><strong>de</strong></span> <span class='ocrx_word' id='word_1_128' title='bbox 1599 2965 1865 3029; x_wconf 91' lang='lat' dir='ltr'><strong>nomine</strong></span> <span class='ocrx_word' id='word_1_129' title='bbox 1895 2970 2163 3051; x_wconf 85' lang='lat' dir='ltr'><strong>Byrsam</strong></span> <span class='ocrx_word' id='word_1_130' title='bbox 2182 3014 2200 3045; x_wconf 85' lang='lat'>‚</span> 
     </span>
    </p>
   </div>
   <div class='ocr_carea' id='block_1_4' title="bbox 605 3100 2209 3189">
    <p class='ocr_par' dir='ltr' id='par_1_6' title="bbox 605 3100 2209 3189">
     <span class='ocr_line' id='line_1_20' title="bbox 605 3100 2209 3189; baseline 0 -24"><span class='ocrx_word' id='word_1_131' title='bbox 605 3100 890 3165; x_wconf 88' lang='lat' dir='ltr'><strong>Taurino</strong></span> <span class='ocrx_word' id='word_1_132' title='bbox 922 3115 1240 3186; x_wconf 88' lang='lat' dir='ltr'><strong>quantum</strong></span> <span class='ocrx_word' id='word_1_133' title='bbox 1269 3116 1540 3185; x_wconf 87' lang='lat' dir='ltr'><strong>possent</strong></span> <span class='ocrx_word' id='word_1_134' title='bbox 1567 3101 1967 3165; x_wconf 85' lang='lat' dir='ltr'><strong>circumdare</strong></span> <span class='ocrx_word' id='word_1_135' title='bbox 1998 3118 2209 3189; x_wconf 86' lang='lat' dir='ltr'><strong>terg0.</strong></span> 
     </span>
    </p>
   </div>
   <div class='ocr_carea' id='block_1_5' title="bbox 2426 466 2611 523">
    <p class='ocr_par' dir='ltr' id='par_1_7' title="bbox 2426 466 2611 523">
     <span class='ocr_line' id='line_1_21' title="bbox 2426 466 2611 523; baseline 0.005 -10"><span class='ocrx_word' id='word_1_136' title='bbox 2426 484 2476 518; x_wconf 83' lang='lat' dir='ltr'><strong>v.</strong></span> <span class='ocrx_word' id='word_1_137' title='bbox 2502 466 2611 523; x_wconf 78' lang='lat'><strong>354.</strong></span> 
     </span>
    </p>
   </div>
   <div class='ocr_carea' id='block_1_6' title="bbox 608 3237 2510 3325">
    <p class='ocr_par' dir='ltr' id='par_1_8' title="bbox 608 3237 2510 3325">
     <span class='ocr_line' id='line_1_22' title="bbox 608 3237 2510 3325; baseline 0.002 -19"><span class='ocrx_word' id='word_1_138' title='bbox 608 3240 740 3306; x_wconf 92' lang='lat' dir='ltr'><strong>Sed</strong></span> <span class='ocrx_word' id='word_1_139' title='bbox 762 3262 878 3303; x_wconf 82' lang='lat' dir='ltr'><strong>vos</strong></span> <span class='ocrx_word' id='word_1_140' title='bbox 901 3242 1013 3325; x_wconf 92' lang='lat' dir='ltr'><strong>qui</strong></span> <span class='ocrx_word' id='word_1_141' title='bbox 1036 3239 1295 3303; x_wconf 89' lang='lat' dir='ltr'><strong>tandem</strong></span> <span class='ocrx_word' id='word_1_142' title='bbox 1312 3287 1328 3317; x_wconf 93' lang='lat'>,</span> <span class='ocrx_word' id='word_1_143' title='bbox 1357 3240 1593 3325; x_wconf 87' lang='lat' dir='ltr'><strong>quibus</strong></span> <span class='ocrx_word' id='word_1_144' title='bbox 1616 3257 1729 3304; x_wconf 87' lang='lat' dir='ltr'><strong>aut</strong></span> <span class='ocrx_word' id='word_1_145' title='bbox 1749 3242 2013 3306; x_wconf 86' lang='lat' dir='ltr'><strong>venistis</strong></span> <span class='ocrx_word' id='word_1_146' title='bbox 2035 3244 2119 3305; x_wconf 87' lang='lat' dir='ltr'><strong>ab</strong></span> <span class='ocrx_word' id='word_1_147' title='bbox 2142 3244 2276 3308; x_wconf 93' lang='lat' dir='ltr'><strong>oris</strong></span> <span class='ocrx_word' id='word_1_148' title='bbox 2294 3290 2314 3323; x_wconf 93' lang='lat'>‚</span> <span class='ocrx_word' id='word_1_149' title='bbox 2342 3237 2349 3245; x_wconf 65' lang='grc'><em>’</em></span> <span class='ocrx_word' id='word_1_150' title='bbox 2404 3312 2410 3318; x_wconf 72' lang='grc'><strong>,</strong></span> <span class='ocrx_word' id='word_1_151' title='bbox 2496 3238 2510 3255; x_wconf 76' lang='lat'><strong>&#39;</strong></span> 
     </span>
    </p>
   </div>
   <div class='ocr_carea' id='block_1_7' title="bbox 612 3357 2144 3461">
    <p class='ocr_par' dir='ltr' id='par_1_9' title="bbox 612 3357 2144 3461">
     <span class='ocr_line' id='line_1_23' title="bbox 612 3357 2144 3461; baseline 0.002 -21"><span class='ocrx_word' id='word_1_152' title='bbox 612 3381 846 3461; x_wconf 83' lang='lat' dir='ltr'><strong>Quove</strong></span> <span class='ocrx_word' id='word_1_153' title='bbox 877 3357 1112 3441; x_wconf 87' lang='lat' dir='ltr'><strong>tenetis</strong></span> <span class='ocrx_word' id='word_1_154' title='bbox 1140 3376 1308 3439; x_wconf 82' lang='lat' dir='ltr'><strong>iter?</strong></span> <span class='ocrx_word' id='word_1_155' title='bbox 1332 3405 1360 3433; x_wconf 74' lang='grc' dir='ltr'><strong>ι)</strong></span> <span class='ocrx_word' id='word_1_156' title='bbox 1400 3378 1735 3459; x_wconf 82' lang='lat' dir='ltr'><strong>Quaerenti</strong></span> <span class='ocrx_word' id='word_1_157' title='bbox 1769 3379 2003 3443; x_wconf 86' lang='lat' dir='ltr'><strong>talibus</strong></span> <span class='ocrx_word' id='word_1_158' title='bbox 2034 3380 2144 3443; x_wconf 91' lang='lat' dir='ltr'><strong>ille</strong></span> 
     </span>
    </p>
   </div>
   <div class='ocr_carea' id='block_1_8' title="bbox 609 3515 2227 3605">
    <p class='ocr_par' dir='ltr' id='par_1_10' title="bbox 609 3515 2227 3605">
     <span class='ocr_line' id='line_1_24' title="bbox 609 3515 2227 3605; baseline 0.004 -26"><span class='ocrx_word' id='word_1_159' title='bbox 609 3515 952 3603; x_wconf 89' lang='lat' dir='ltr'><strong>Suspirans</strong></span> <span class='ocrx_word' id='word_1_160' title='bbox 971 3562 988 3593; x_wconf 92' lang='lat'><strong>,</strong></span> <span class='ocrx_word' id='word_1_161' title='bbox 1015 3517 1275 3601; x_wconf 92' lang='lat' dir='ltr'><strong>imoque</strong></span> <span class='ocrx_word' id='word_1_162' title='bbox 1306 3515 1567 3580; x_wconf 87' lang='lat' dir='ltr'><strong>trahens</strong></span> <span class='ocrx_word' id='word_1_163' title='bbox 1598 3539 1633 3580; x_wconf 90' lang='lat' dir='ltr'><strong>a</strong></span> <span class='ocrx_word' id='word_1_164' title='bbox 1664 3534 1931 3605; x_wconf 87' lang='lat' dir='ltr'><strong>pectore</strong></span> <span class='ocrx_word' id='word_1_165' title='bbox 1966 3544 2227 3585; x_wconf 81' lang='lat' dir='ltr'><strong>vocem:</strong></span> 
     </span>
    </p>
   </div>
   <div class='ocr_carea' id='block_1_9' title="bbox 609 3779 2336 4000">
    <p class='ocr_par' dir='ltr' id='par_1_11' title="bbox 609 3779 2336 4000">
     <span class='ocr_line' id='line_1_25' title="bbox 699 3779 2336 3871; baseline 0.008 -35"><span class='ocrx_word' id='word_1_166' title='bbox 699 3807 728 3836; x_wconf 77' lang='grc' dir='ltr'><strong>«ι</strong></span> <span class='ocrx_word' id='word_1_167' title='bbox 763 3781 823 3843; x_wconf 91' lang='grc' dir='ltr'><strong>Ο</strong></span> <span class='ocrx_word' id='word_1_168' title='bbox 849 3779 969 3842; x_wconf 88' lang='lat' dir='ltr'><strong>dea</strong></span> <span class='ocrx_word' id='word_1_169' title='bbox 984 3825 1001 3856; x_wconf 92' lang='lat'><strong>,</strong></span> <span class='ocrx_word' id='word_1_170' title='bbox 1029 3779 1082 3841; x_wconf 90' lang='lat' dir='ltr'><strong>si</strong></span> <span class='ocrx_word' id='word_1_171' title='bbox 1103 3781 1309 3867; x_wconf 78' lang='lat' dir='ltr'><strong>prima</strong></span> <span class='ocrx_word' id='word_1_172' title='bbox 1329 3796 1635 3867; x_wconf 87' lang='lat' dir='ltr'><strong>repetens</strong></span> <span class='ocrx_word' id='word_1_173' title='bbox 1656 3783 1738 3845; x_wconf 91' lang='lat' dir='ltr'><strong>ab</strong></span> <span class='ocrx_word' id='word_1_174' title='bbox 1760 3783 2013 3870; x_wconf 88' lang='lat' dir='ltr'><strong>origine</strong></span> <span class='ocrx_word' id='word_1_175' title='bbox 2035 3806 2301 3871; x_wconf 88' lang='lat' dir='ltr'><strong>pergam</strong></span> <span class='ocrx_word' id='word_1_176' title='bbox 2319 3834 2336 3865; x_wconf 92' lang='lat'><strong>,</strong></span> 
     </span>
     <span class='ocr_line' id='line_1_26' title="bbox 609 3916 2211 4000; baseline 0.004 -23"><span class='ocrx_word' id='word_1_177' title='bbox 609 3918 690 3978; x_wconf 92' lang='lat' dir='ltr'><strong>Et</strong></span> <span class='ocrx_word' id='word_1_178' title='bbox 720 3932 901 3981; x_wconf 79' lang='lat' dir='ltr'><strong>vacet</strong></span> <span class='ocrx_word' id='word_1_179' title='bbox 929 3916 1190 3980; x_wconf 89' lang='lat' dir='ltr'><strong>annales</strong></span> <span class='ocrx_word' id='word_1_180' title='bbox 1217 3933 1595 3981; x_wconf 91' lang='lat' dir='ltr'><strong>nostrorum</strong></span> <span class='ocrx_word' id='word_1_181' title='bbox 1624 3918 1845 3982; x_wconf 87' lang='lat' dir='ltr'><strong>audire</strong></span> <span class='ocrx_word' id='word_1_182' title='bbox 1879 3920 2173 3983; x_wconf 90' lang='lat' dir='ltr'><strong>laborum</strong></span> <span class='ocrx_word' id='word_1_183' title='bbox 2192 3969 2211 4000; x_wconf 90' lang='lat'>,</span> 
     </span>
    </p>
   </div>
   <div class='ocr_carea' id='block_1_10' title="bbox 614 4054 2217 4157">
    <p class='ocr_par' dir='ltr' id='par_1_12' title="bbox 614 4054 2217 4157">
     <span class='ocr_line' id='line_1_27' title="bbox 614 4054 2217 4157; baseline 0.005 -40"><span class='ocrx_word' id='word_1_184' title='bbox 614 4056 781 4117; x_wconf 86' lang='lat' dir='ltr'><strong>Ante</strong></span> <span class='ocrx_word' id='word_1_185' title='bbox 813 4054 984 4118; x_wconf 89' lang='lat' dir='ltr'><strong>diem</strong></span> <span class='ocrx_word' id='word_1_186' title='bbox 1017 4055 1230 4121; x_wconf 87' lang='lat' dir='ltr'><strong>clauso</strong></span> <span class='ocrx_word' id='word_1_187' title='bbox 1263 4072 1613 4143; x_wconf 88' lang='lat' dir='ltr'><strong>componet</strong></span> <span class='ocrx_word' id='word_1_188' title='bbox 1644 4080 1873 4143; x_wconf 84' lang='lat' dir='ltr'><strong>vesper</strong></span> <span class='ocrx_word' id='word_1_189' title='bbox 1905 4059 2217 4157; x_wconf 79' lang='lat' dir='ltr'><strong>Olympo,</strong></span> 
     </span>
    </p>
   </div>
   <div class='ocr_carea' id='block_1_11' title="bbox 3038 0 3059 3686">
    <p class='ocr_par' dir='ltr' id='par_1_13' title="bbox 3038 0 3059 3686">
     <span class='ocr_line' id='line_1_28' title="bbox 3038 0 3059 3686; baseline 0 0"><span class='ocrx_word' id='word_1_190' title='bbox 3038 0 3059 3686; x_wconf 95' lang='lat' dir='ltr'><strong> </strong></span> 
     </span>
    </p>
   </div>
  </div>
 </body>
</html>
