3059 4809
1193 613 1772 753 LIBER
1871 544 2051 735 Π.

700 1171 1089 1236 Conticuere
1121 1191 1348 1234 omnes
1368 1216 1385 1246 ,
1419 1167 1786 1253 intentique
1820 1189 1935 1231 ora
1968 1169 2303 1231 tenebant.

610 1308 767 1373 Inde
800 1324 946 1372 toro
970 1323 1156 1395 pater
1192 1311 1419 1371 AEneas
1449 1284 1540 1371 sic
1572 1326 1754 1369 orsus
1785 1304 1868 1369 ab
1899 1304 2068 1369 alto:

704 1837 732 1865 ιι
758 1808 1096 1873 Infandum
1114 1856 1132 1889 ‚
1164 1809 1387 1895 regina
1404 1855 1423 1888 ,
1448 1808 1642 1892 jubes
1668 1828 1986 1872 renovare
2017 1806 2312 1871 dolorem
2337 1809 2356 1844 ¹
2381 1831 2398 1883 ς

609 1948 916 2029 Trojanas
946 1961 1019 2010 ut
1049 1967 1207 2031 opes
1236 1960 1302 2009 et
1331 1943 1742 2011 lamentabile
1771 1966 2046 2030 regnum

610 2084 918 2147 Eruci-int
938 2084 1180 2160 Danai3
1217 2105 1490 2169 quaeque
1520 2084 1657 2170 ipse
1684 2083 2041 2147 miserrima
2069 2083 2237 2160 vidi,

609 2227 692 2286 Et
722 2244 1001 2311 quorum
1031 2244 1180 2309 pars
1212 2244 1440 2307 magna
1472 2222 1588 2284 fui.
1635 2222 1796 2306 Quis
1815 2269 1833 2300 ,
1870 2221 2020 2285 talia
2045 2221 2238 2285 fando
2261 2268 2277 2299 ‚

610 2364 1089 2451 Myrmidonum
1108 2408 1125 2440 ,
1160 2359 1574 2447 Dolopumve
1593 2408 1611 2440 ,
1647 2376 1756 2426 aut
1781 2360 1930 2426 duri
1957 2360 2140 2425 miles
2162 2358 2438 2445 Ulyssei‚

606 2507 949 2589 Temperet
978 2522 1013 2563 a
1043 2498 1378 2586 lacrymis?
1406 2503 1489 2562 Et
1510 2501 1645 2583 jam
1673 2520 1806 2563 nox
1835 2498 2094 2562 humida
2125 2498 2290 2562 coelo

604 2639 1006 2727 Praecipitat,
1040 2637 1436 2723 suadentque
1468 2637 1759 2701 cadentia
1788 2636 1995 2700 sidera
2026 2658 2318 2713 somnos;

610 2778 738 2843 Sed
759 2826 776 2857 ‚
810 2779 864 2845 si
892 2793 1107 2846 tantus
1140 2799 1323 2841 amor
1354 2800 1536 2843 casus
1563 2800 1955 2864 cognoscere
1983 2793 2242 2843 nostros
2259 2825 2278 2857 ,

608 2920 690 2979 Et
722 2919 1011 2984 breviter
1034 2920 1239 3002 Trojae
1270 2940 1643 3005 supremum
1673 2918 1894 2981 audire
1921 2918 2212 2983 laborem
2230 2967 2246 2996 ,

610 3062 1015 3145 Quamquam
1047 3056 1295 3121 animus
1324 3056 1689 3120 meminisse
1716 3056 1975 3134 horret,
2011 3056 2319 3145 luctuque
2341 3057 2610 3157 refugit,

604 3198 935 3285 Incipiam.
972 3192 1182 3262 Fracti
1210 3197 1385 3261 bello
1408 3244 1425 3273 ,
1455 3197 1732 3282 fatisque
1760 3195 2037 3283 repulsi,

604 3340 922 3401 Ductores
943 3338 1230 3401 Danaum
1249 3383 1265 3413 ‚
1301 3350 1401 3400 tot
1424 3340 1560 3420 jam
1595 3336 1961 3399 labentibus
1987 3337 2173 3400 annis
2194 3386 2213 3413 ,

600 3476 810 3537 Instar
834 3472 1071 3536 montis
1096 3496 1367 3569 equum,
1404 3473 1621 3536 divina
1653 3471 1928 3535 Palladis
1958 3487 2094 3535 arte
2117 3520 2132 3545 ‚

602 3611 937 3675 AEdificant
956 3658 973 3689 ‚
1009 3628 1307 3697 sectaque
1338 3611 1639 3681 intexunt
1671 3612 1882 3683 abiete
1914 3586 2153 3683 costas:

600 3754 839 3815 Votum
870 3772 993 3836 pro
1020 3750 1232 3814 reditu
1263 3752 1599 3827 simulant3
1632 3774 1710 3816 >ea
1737 3753 1902 3816 fama
1932 3768 2224 3840 vagatur.

600 3892 741 3952 Huc
772 3889 1019 3953 delecta
1044 3890 1255 3952 virum
1286 3892 1501 3954 sortiti
1534 3914 1808 3977 corpora
1837 3891 2062 3955 furtim

594 4026 943 4090 Includunt
973 4048 1138 4089 caeco
1168 4027 1383 4104 lateri,
1421 4028 1806 4113 penitusque
1836 4050 2140 4093 cavernas
