3059 4809
634 436 754 498 146
1122 428 1590 491 AENEIDOS
1651 427 1944 489 LIBER
1999 428 2097 488 11.
2413 442 2457 471 v.
2519 432 2546 478 4

626 557 741 621 Illa
772 558 974 634 subit,
1009 551 1644 639 mediaeque-minans
1671 548 1959 613 illabitur
1990 549 2162 613 urbi.

584 673 601 683 ’
630 700 690 761 Ο
725 694 970 782 patria‘!
1008 716 1048 757 o
1078 692 1303 757 divum
1332 691 1566 756 domus
1595 688 1820 753 Ilium!
1851 703 1918 752 et
1947 687 2192 774 inclyte
2216 688 2394 752 bello
2411 690 2462 727 ¹³

626 832 861 897 Moenia
887 829 1364 895 Dardanidum!
1396 842 1628 913 quater
1653 826 1794 913 ipso
1823 826 1892 888 in
1917 825 2140 888 limine
2170 841 2377 911 portae
2394 826 2447 863 ¹⁴

2487 440 2514 469 2

630 970 933 1036 Substitit
953 1017 969 1044 ‚
1004 982 1199 1053 atque
1228 982 1418 1030 utero
1446 966 1731 1029 sonitum
1762 946 1992 1049 quater
2021 968 2196 1025 arma
2226 962 2488 1026 dedere.

624 1115 938 1174 Instemus
966 1123 1184 1171 tamen
1210 1106 1621 1167 immemores
1640 1150 1657 1179 ‚
1691 1101 1969 1187 coecique
1996 1101 2219 1165 furore
2238 1148 2255 1179 ,

625 1252 707 1312 Et
737 1261 1099 1312 monstrum
1125 1242 1351 1307 infelix
1380 1256 1626 1305 sacrata
1655 1240 1930 1303 sistimus
1961 1261 2132 1303 arce.

627 1395 806 1453 Tunc
836 1387 1029 1451 etiam
1055 1385 1199 1448 fatis
1227 1382 1437 1470 aperit
1465 1377 1819 1443 Cassandra
1845 1378 2080 1442 futuris

630 1531 765 1592 Ora
783 1573 800 1604 ‚
836 1526 940 1590 dei
959 1527 1141 1610 jussu
1168 1542 1304 1585 non
1339 1540 1626 1604 unquam
1654 1515 1900 1580 credita
1926 1515 2208 1579 Teucris.

627 1666 757 1726 Nos
782 1662 1054 1726 delubra
1077 1660 1269 1724 deum
1298 1655 1548 1733 miseri,
1581 1654 1817 1740 quibus
1845 1653 2109 1716 ultimus
2138 1666 2303 1715 esset

624 1796 743 1860 Ille
772 1796 907 1861 dies
927 1844 947 1875 ,
974 1798 1135 1860 festa
1161 1795 1445 1860 velamus
1472 1790 1706 1856 fronde
1729 1812 1848 1877 per
1875 1790 2130 1852 urbem.

710 2815 1004 2878 Vertitur
1028 2814 1280 2878 interea
1304 2814 1538 2879 coelum
1557 2863 1575 2893 ,
1611 2830 1678 2879 et
1706 2820 1840 2879 ruit
1865 2837 2108 2879 oceano
2137 2838 2269 2879 nox
2286 2814 2364 2892 ¹⁵,

618 2953 964 3019 Involvens
994 2956 1225 3019 umbra
1250 2978 1481 3043 magna
1507 2971 1876 3042 terramque
1899 3004 1916 3034 ,
1943 2955 2318 3042 polumque,

622 3090 1227 3178 Myrmidonumque
1258 3093 1443 3157 dolos
1470 3118 1486 3155 ε
1515 3093 1639 3157 fusi
1667 3115 1787 3181 per
1815 3093 2050 3157 moenia
2075 3094 2303 3157 Teucri

625 3227 1047 3305 Conticuere3
1082 3249 1281 3314 sopor
1309 3228 1505 3292 sessos
1535 3228 1993 3315 complectitur
2019 3245 2221 3294 artus,

622 3366 704 3427 Et
724 3368 858 3449 jam
887 3366 1122 3451 Argiva
1151 3341 1427 3452 phalami
1449 3364 1782 3428 instructis
1809 3352 2080 3429 navibus
2107 3365 2243 3429 ibat

622 3503 676 3564 Α
705 3504 967 3567 Tenedo
986 3550 1004 3582 ,
1039 3505 1247 3569 tacitoe
1274 3524 1394 3589 per
1422 3501 1624 3565 amica
1653 3502 1906 3565 silentia
1935 3502 2106 3565 lunae
2123 3502 2178 3542 ¹⁶

619 3641 869 3704 Littora
896 3656 1057 3705 nota
1080 3656 1310 3727 petens
1326 3689 1344 3719 ,
1376 3640 1659 3703 flammas
1691 3662 1838 3705 cum
1867 3641 2045 3726 regia
2071 3640 2308 3728 puppis

618 3779 953 3844 Extulerat
967 3827 985 3859 ‚
1015 3780 1286 3866 fatisque
1315 3780 1508 3845 deum
1539 3779 1836 3844 defensus
1863 3780 2104 3867 iniquis

618 3915 908 3982 Inclusos
936 3933 1125 3980 utero
1154 3918 1405 3982 Danaos
1437 3932 1504 3981 et
1534 3918 1726 4003 pinea
1755 3918 1979 3982 furtim

617 4054 813 4115 Laxat
840 4052 1113 4117 claustra
1144 4052 1351 4116 Sinon
1367 4052 1417 4093 ¹⁷
1450 4076 1467 4113 ι
1492 4051 1639 4115 illos
1669 4055 2026 4137 patefactus
2053 4055 2135 4119 ad
2165 4078 2350 4119 auras

2549 440 2598 471 0.
2667 459 2673 465 .
