3059 4809
613 488 729 551 182
1100 485 1567 549 AENE1Dos
1625 484 1919 546 LIBER
1969 464 2073 544 11.
2390 477 2584 537 «ηοω.
2671 574 2676 583 .

604 618 957 684 Demoror‚
997 635 1073 675 ex
1102 634 1233 697 quo
1264 633 1365 675 me
1395 609 1618 675 divum
1646 624 1834 696 pater
1862 622 2057 693 atque
2088 606 2428 670 hominum
2459 626 2578 669 rex

606 752 916 817 Fulminis
945 752 1184 817 afflavit
1214 753 1423 817 ventis
1454 766 1519 815 et
1555 748 1827 837 contigit
1857 748 2028 835 igni.·
2053 777 2081 806 n

694 1078 867 1141 Talia
896 1081 1225 1165 perstabat
1254 1100 1618 1143 memorans
1637 1124 1655 1155 ,
1691 1078 1981 1162 fixusque
2011 1078 2336 1140 manebat.

609 1222 737 1282 Nos
768 1234 995 1283 contra
1025 1218 1208 1283 effusi
1238 1217 1535 1304 lacrymis
1554 1264 1571 1294 ,
1611 1218 1975 1302 conjuxque
2006 1216 2250 1279 Creusa
2269 1262 2288 1294 ‚

605 1359 1037 1446 Ascaniusque
1060 1405 1077 1437 ‚
1113 1358 1449 1442 omnisque
1479 1356 1708 1419 domus
1729 1402 1746 1434 ‚
1781 1377 1864 1418 ne
1896 1370 2152 1420 vertere
2181 1375 2397 1417 secum

611 1496 860 1560 Cuncta
891 1510 1075 1582 pater
1096 1542 1113 1574 ‚
1146 1494 1408 1580 fatoque
1437 1493 1696 1579 urgenti
1726 1491 2101 1557 incumbere
2121 1536 2139 1569 ‚
2177 1489 2393 1554 vellet.

610 1635 907 1720 Abnegat
926 1680 943 1710 ,
974 1633 1365 1718 inceptoque
1392 1645 1459 1697 et
1486 1630 1743 1693 sedibus
1773 1630 1976 1692 haeret
2000 1628 2067 1691 in
2096 1626 2318 1691 isdem.

618 1990 861 2049 Rursus
887 1986 958 2048 in
988 2006 1163 2049 arma
1192 1986 1370 2051 feror
1386 2033 1403 2063 ,
1436 2000 1848 2066 mortemque
1875 1981 2270 2044 miserrimus
2302 1992 2485 2064 opto.

618 2122 778 2182 Nam
810 2119 987 2204 quod
1014 2120 1349 2185 consilium
1380 2135 1491 2183 aut
1521 2142 1664 2205 quae
1685 2120 1821 2202 jam
1849 2115 2109 2181 fortuna
2138 2116 2412 2179 dabatur
2429 2113 2458 2173 Ρ

626 2284 654 2313 α
692 2258 878 2319 Mene
908 2253 1141 2319 efferre
1170 2255 1402 2342 pedem
1422 2303 1439 2333 ,
1477 2255 1769 2341 genitor,
1806 2270 1871 2317 te
1901 2276 2087 2340 posse
2118 2252 2345 2315 relicto

624 2391 954 2477 Sperasti?
988 2406 1367 2478 tantumque
1394 2392 1570 2456 nefas
1600 2391 1812 2479 patrio
1842 2388 2082 2455 excidit
2111 2411 2224 2453 ore
2241 2389 2270 2449 ἐ’

625 2528 694 2593 Si
724 2529 886 2593 nihil
916 2552 993 2594 ex
1023 2545 1202 2594 tanta
1232 2532 1495 2617 Superis
1524 2532 1738 2618 placet
1767 2533 1929 2597 urbe
1957 2529 2278 2615 relinqui,

622 2671 703 2730 Et
729 2668 909 2732 sedet
937 2669 1059 2732 hoc
1088 2670 1304 2733 animo
1324 2716 1341 2745 ‚
1378 2670 1813 2755 perituraeque
1844 2667 2082 2732 addere
2105 2668 2312 2750 Trojae

621 2807 838 2888 Teque
872 2820 1145 2892 tuosque
1167 2809 1391 2891 juvat3
1426 2822 1607 2894 patet
1632 2807 1736 2871 isti
1758 2809 1953 2891 janua
1980 2806 2113 2869 leto
2143 2829 2159 2866 :

620 2945 891 3027 Jamque
921 2945 1127 3009 aderit
1156 2946 1361 3011 multo
1391 2947 1634 3009 Priami
1665 2946 1746 3010 de
1777 2945 2084 3033 sanguine
2118 2940 2404 3028 Pyrrhus
2423 2986 2440 3016 ,

628 3064 859 3140 Natum
892 3095 1040 3143 ante
1071 3103 1185 3145 ora
1212 3082 1411 3167 patris
1429 3129 1446 3161 ‚
1481 3097 1734 3169 patrem
1757 3081 1871 3167 qui
1899 3082 2246 3144 obtruncat
2274 3076 2353 3140 ad
2382 3096 2546 3138 aras.

630 3422 769 3481 Hoc
792 3435 931 3482 erat
949 3466 966 3498 ‚
998 3420 1161 3485 alma
1187 3443 1419 3509 parens
1438 3468 1456 3498 ,
1491 3421 1670 3507 quod
1699 3442 1803 3484 me
1824 3468 1843 3499 ,
1879 3441 1998 3507 per
2027 3417 2150 3483 tela
2169 3464 2186 3494 ,
2221 3436 2341 3503 per
2372 3414 2554 3501 ignes
2574 3460 2596 3492 ,

630 3556 840 3641 Eripis
858 3603 875 3635 ‚
912 3572 985 3620 ut
1007 3558 1234 3623 mediis
1256 3558 1508 3622 hostem
1530 3560 1598 3623 in
1621 3558 2062 3646 penetralibus
2081 3602 2098 3633 ,
2132 3569 2332 3640 utque

629 3694 966 3761 Ascanium
987 3745 1003 3776 ,
1042 3714 1420 3785 patremque
1450 3721 1665 3761 meum
1684 3746 1701 3776 ,
1728 3700 2041 3782 juxtaque
2070 3694 2378 3757 Creusam
2400 3736 2418 3766 ‚

625 3831 917 3898 Alterum
942 3836 1008 3900 in
1033 3836 1295 3900 alterius
1317 3853 1626 3902 mactatos
1645 3836 1953 3922 sanguine
1981 3854 2240 3899 cernam
2254 3828 2285 3891 ⁸?

626 3974 853 4047 Arma,
886 3974 1046 4052 viri,
1080 3974 1243 4037 ferte
1266 3998 1477 4040 arma:
1512 3991 1703 4041 vocat
1731 3976 1842 4040 lux
1871 3973 2091 4038 ultima
2122 3971 2352 4036 victos·

626 4110 898 4175 Reddite
923 4134 1025 4175 mc
1048 4112 1281 4177 Danais
1300 4159 1317 4184 ‚
1354 4112 1542 4176 sinite
1566 4113 1916 4175 instaurata
1944 4110 2216 4173 revisam
