3059 4809
648 462 770 523 170
1130 459 1596 525 AENEIDOS
1655 460 1942 525 LIBER
2002 460 2102 524 11.
2411 462 2598 511 v·503·

640 586 985 651 Barbarico
1012 600 1229 673 postes
1256 606 1415 648 auro
1442 584 1792 672 spoliisque
1816 586 2078 672 superbi
2097 634 2115 665 ,

640 727 1057 791 Procubuere
1090 749 1108 788 ε
1146 739 1372 791 tenent
1400 725 1605 789 Danai
1639 747 1766 812 qua
1788 724 2006 789 deficit
2034 725 2226 811 iguis..

734 1317 1027 1382 Forsitan
1060 1332 1126 1382 et
1154 1316 1393 1381 Priami
1419 1315 1664 1380 fuerint
1690 1338 1832 1402 quae
1861 1314 1990 1378 fata
2018 1314 2308 1401 requiras
2329 1315 2408 1375 ³⁴.

642 1454 833 1519 Urbis
862 1455 957 1519 uti
986 1470 1186 1542 captae
1214 1477 1429 1519 casum
1450 1501 1469 1533 ,
1504 1453 1943 1540 convulsaque
1974 1451 2137 1520 vidit

637 1594 884 1659 Limina
912 1611 1232 1661 tectorum
1253 1642 1271 1674 ,
1304 1611 1373 1661 et
1398 1595 1685 1661 medium
1713 1595 1783 1659 in
1811 1594 2250 1681 penetralibus
2275 1594 2560 1672 hostem,

640 1733 837 1797 Arma
862 1734 974 1799 diu
998 1736 1215 1800 senior
1244 1735 1505 1800 desueta
1532 1733 1960 1799 trementibus
1988 1756 2126 1799 aevo

643 1872 1015 1937 Circumdat
1034 1874 1465 1961 nequicquam
1499 1874 1821 1953 humeris,
1855 1889 1923 1937 et
1949 1874 2176 1937 inutile
2207 1874 2452 1938 ferrum

644 2008 968 2094 Cingitur,
1001 2031 1075 2073 ac
1102 2010 1334 2075 densos
1362 2012 1574 2076 fertur
1598 2012 1952 2075 moriturus
1981 2011 2049 2073 in
2071 2009 2308 2073 hostes.

646 2147 910 2211 AEdibus
935 2147 1003 2211 in
1035 2148 1259 2213 mediis
1279 2197 1297 2228 ‚
1330 2150 1639 2235 nudoque
1671 2150 1791 2214 sub
1819 2148 2074 2213 aetheris
2103 2170 2246 2225 axe,

644 2286 880 2371 Ingens
909 2307 1018 2349 ara
1048 2286 1199 2363 fuit3
1228 2289 1540 2373 juxtaque
1570 2288 1916 2353 veterrima
1945 2286 2162 2351 laurus

644 2424 1031 2488 lncumbens
1060 2446 1183 2488 arae
1204 2472 1221 2502 ,
1254 2440 1447 2510 atque
1480 2427 1710 2489 umbra
1737 2424 2069 2510 complexa
2095 2428 2406 2487 Penates:

647 2560 766 2625 Hic
793 2562 1056 2625 Hecuba
1077 2576 1143 2625 et
1167 2577 1334 2627 natae
1355 2562 1788 2648 nequicquam
1813 2561 2036 2625 altaria
2063 2560 2306 2625 circum
2322 2608 2341 2638 ,

647 2699 1017 2786 Praecipitcs
1043 2715 1183 2764 atra
1211 2724 1329 2766 ceu
1363 2715 1746 2787 tempestate
1780 2699 2094 2771 columbae

648 2835 1001 2902 Condensae
1019 2885 1037 2917 ,
1072 2853 1141 2903 et
1168 2838 1387 2905 divum
1411 2839 1718 2926 amplexae
1748 2837 2082 2901 simulacra
2100 2882 2119 2914 ,
2153 2836 2483 2901 sedebant.

645 2977 862 3059 Ipsum
890 2992 1102 3040 autem
1129 2978 1399 3064 sumptis
1424 2977 1758 3041 Priamum
1779 2974 2190 3060 juvenalibus
2219 2973 2412 3036 armis

654 3117 741 3180 Ut
771 3114 933 3180 vidit
965 3140 981 3179 ε
1024 3146 1051 3174 «ι
1080 3120 1241 3200 Quae
1270 3140 1453 3182 mens
1485 3133 1612 3181 tam
1644 3117 1782 3181 dira
1805 3164 1822 3195 ,
1856 3116 2212 3180 miserrime
2236 3116 2468 3199 conjux
2486 3162 2504 3191 ,

648 3252 913 3338 Impulit
943 3252 1041 3317 his
1071 3254 1245 3340 cingi
1277 3254 1461 3317 telis?
1488 3268 1600 3317 aut
1632 3276 1763 3340 quo
1789 3253 1967 3315 ruis?
1998 3252 2234 3340 inquit.

652 3394 798 3455 Non
829 3390 941 3454 tali
968 3392 1202 3488 auxilio
1224 3414 1345 3457 nec
1375 3390 1825 3457 defensoribus
1856 3390 1994 3455 istis

648 3532 924 3614 Tempus
952 3545 1136 3615 eget3
1172 3552 1309 3595 non
1330 3575 1347 3608 ,
1382 3530 1434 3593 si
1458 3529 1595 3615 ipse
1625 3554 1805 3596 meus
1833 3552 2010 3594 nunc
2041 3528 2273 3593 afforet
2300 3530 2572 3591 Hector.

651 3672 791 3730 Huc
826 3666 1084 3731 tandem
1116 3669 1399 3733 concede
1426 3693 1442 3733 z
1470 3669 1606 3733 hoec
1639 3692 1748 3733 ara
1775 3670 2064 3734 tuebitur
2093 3691 2350 3745 omneS,

649 3806 776 3868 Aut
806 3806 1086 3871 moriere
1115 3809 1327 3873 simul.
1361 3840 1391 3870 s>
1427 3810 1534 3875 Sic
1567 3833 1680 3874 ore
1712 3810 1901 3873 effata
1923 3858 1940 3887 ,
1976 3808 2225 3895 recepit

652 3945 753 4008 Ad
783 3968 917 4011 sese
943 3994 959 4025 ,
995 3961 1061 4011 et
1088 3969 1263 4012 sacra
1293 3949 1658 4037 longaevum
1690 3950 1759 4013 in
1794 3949 1942 4014 sede
1972 3949 2234 4015 locavit.

661 4088 822 4149 Ecce
852 4100 1099 4165 autem,
1136 4086 1385 4173 elapsus
1414 4086 1654 4172 Pyrrhi
1680 4085 1762 4149 de
1793 4085 1964 4151 caede
1987 4132 2004 4162 ,
2040 4084 2284 4148 Polites
2306 4131 2324 4161 ,
