3059 4809
757 463 885 550 21³2
1237 471 1714 538 AENEmos
1775 469 2068 530 LIBER
2111 467 2276 538 111.⁴
2584 459 2705 507 ωε.

760 608 1117 675 Condimus
1138 652 1155 682 ‚
1194 617 1260 666 et
1290 621 1521 685 magna
1556 617 1929 683 supremum
1960 613 2122 657 voce
2153 591 2417 655 ciemus.

848 821 1048 897 Inde,
1083 819 1196 883 ubi
1229 816 1436 904 prima
1468 811 1628 876 fides
1652 783 1882 897 pelago
1905 854 1923 885 ‚
1956 806 2336 894 placataque
2368 803 2542 868 venti
2570 803 2614 839 ¹¹

767 965 945 1024 Dant
977 955 1175 1020 maria
1196 1001 1213 1032 ,
1250 968 1317 1017 et
1346 951 1493 1015 lene
1526 947 1851 1035 crepitans
1881 960 2069 1010 vocat
2098 945 2335 1008 Auster
2366 942 2437 1004 in
2464 940 2644 1003 altum
2667 937 2724 1010 ¹²,

756 1094 1121 1162 Deducunt
1150 1089 1308 1153 socii
1337 1108 1531 1151 naves
1554 1131 1571 1160 ,
1607 1099 1674 1146 et
1702 1081 1924 1145 littora
1953 1077 2312 1164 complent.

772 1231 1205 1309 Provehimur
1234 1240 1471 1314 portu3
1502 1237 1823 1305 terraeque
1846 1217 2170 1301 urbesque
2199 1212 2593 1278 recedunt¹³.

771 1375 967 1438 Sacra
998 1367 1161 1432 mari
1191 1364 1427 1430 colitur
1458 1359 1670 1424 medio
1703 1356 2061 1448 gratissima
2092 1352 2284 1418 tellus
2305 1353 2358 1390 ¹⁴

772 1507 1124 1574 Nereidum
1156 1503 1350 1568 matri
1385 1516 1451 1566 et
1480 1503 1785 1586 Neptuno
1818 1500 2066 1582 AEgae03

772 1653 984 1734 Quam
1005 1647 1153 1735 pius
1175 1643 1561 1707 Arcitenens
1579 1685 1597 1716 ,
1625 1659 1771 1702 oras
1797 1651 1865 1699 et
1886 1633 2110 1698 littora
2131 1631 2382 1695 circum

775 1748 1116 1851 Errantem
1139 1831 1156 1862 ,
1184 1784 1408 1868 Gyaro
1439 1776 1618 1849 celsa¹
1635 1780 2040 1862 Myconeque
2070 1771 2350 1835 revinxit
2369 1817 2386 1848 ,

776 1929 1248 2006 Immotamque
1272 1918 1398 1983 coli
1420 1916 1600 1981 dedit
1618 1963 1635 1993 ‚
1664 1929 1730 1978 et
1757 1928 2176 1977 contemnere
2205 1924 2457 1973 ventos·

780 2068 923 2128 Huc
947 2062 1159 2135 feror3
1187 2058 1323 2121 haec
1347 2058 1551 2121 fessos
1571 2069 1715 2118 tuto
1739 2045 2167 2140 placidissima
2189 2065 2390 2136 portu

778 2199 1053 2286 Accipit.
1082 2195 1333 2282 Egressi
1361 2213 1751 2257 veneramur
1778 2188 2098 2276 Apollinis
2127 2188 2382 2251 urbem.

778 2344 917 2404 Rex
942 2335 1141 2400 Anius
1156 2379 1173 2411 ‚
1202 2354 1317 2396 rex
1339 2329 1514 2394 idem
1535 2327 1874 2404 hominum
1896 2325 2257 2411 Phoebique
2281 2321 2564 2388 sacerdos
2579 2367 2594 2397 ‚

785 2476 982 2542 vittis
1013 2489 1079 2538 et
1110 2491 1289 2536 sacra
1316 2467 1656 2532 redimitus
1685 2482 1981 2552 tempora
2008 2465 2191 2527 lauro
2211 2511 2228 2542 ,

795 2613 1143 2681 Occurrit:
1170 2626 1460 2676 veterem
1489 2605 1818 2670 Anchisen
1847 2602 2138 2690 agnoscit
2165 2602 2462 2666 amicum.

784 2753 1128 2838 ,Iungimus
1156 2747 1440 2836 hospitio
1472 2746 1592 2810 dex
1603 2761 1732 2808 tras
1749 2793 1767 2824 ‚
1797 2760 1862 2807 et
1891 2759 2062 2807 tecta
2091 2743 2401 2806 subimus.

672 2943 685 2956 .
781 2888 1047 2974 Templa
1077 2887 1184 2952 dei
1214 2908 1365 2950 saxo
1394 2884 1753 2948 venerabar
1771 2897 2030 2946 structa
2061 2897 2323 2945 vetusto
2349 2905 2364 2942 ε

790 3055 818 3084 α
844 3029 945 3089 Da
964 3023 1329 3111 propriam,
1354 3021 1738 3108 Thymbraee
1755 3067 1772 3098 ‚
1801 3019 2104 3083 domum:
2135 3018 2216 3082 da
2237 3019 2476 3082 moenia
2496 3012 2672 3084 fessis,

788 3161 869 3225 Et
893 3173 1096 3247 genus
1116 3205 1134 3238 ,
1162 3174 1227 3223 et
1253 3179 1620 3222 mansuram
1643 3153 1915 3220 urbem:
1941 3177 2125 3220 serva
2149 3155 2352 3219 altera
2371 3157 2570 3239 Trojae

791 3304 1105 3384 Pergama
1121 3344 1138 3375 ,
1166 3296 1469 3384 reliquias
1497 3302 1796 3360 Danaum
1822 3287 2307 3381 atque'immitis
2329 3291 2606 3358 Achillei.

793 3440 1008 3521 Quem
1030 3433 1398 3521 sequimur?
1422 3455 1638 3522 quove
1661 3434 1755 3497 ire
1771 3435 2004 3519 jubes?
2028 3435 2141 3498 ubi
2162 3457 2414 3521 ponere
2436 3429 2636 3498 sedes?

796 3581 896 3641 Da
914 3621 932 3650 ‚
959 3589 1169 3661 pater,
1201 3573 1544 3659 augurium
1560 3619 1578 3652 ,
1607 3588 1802 3659 atque
1825 3574 2054 3638 animis
2073 3573 2344 3638 illabere
2368 3572 2613 3640 nostris.
2637 3593 2659 3622 ν

794 3715 919 3778 Vix
948 3735 1021 3778 ea
1050 3712 1219 3775 fatus
1248 3731 1457 3786 eram3
1488 3725 1770 3776 tremere
1801 3710 2016 3774 omnia
2041 3710 2178 3774 visa
2206 3727 2511 3798 repente,

796 3850 1175 3938 Liminaque
1195 3896 1213 3928 ‚
1239 3847 1587 3936 laurusque
1617 3849 1722 3913 dei
1743 3897 1761 3928 ,
1792 3865 2094 3936 totusque
2123 3851 2376 3915 moveri

796 3997 982 4059 Mons
1010 3992 1253 4056 circum
1273 4036 1291 4069 ,
1330 4004 1395 4052 et
1424 3989 1676 4077 mugire
1704 3989 1910 4076 adytis
1942 3990 2196 4054 cortina
2227 3990 2516 4056 reclusis.

794 4131 1109 4201 Submissi
1139 4129 1419 4217 petimus
1450 4146 1692 4194 terram
1713 4177 1730 4208 ,
1759 4143 1825 4192 et
1854 4150 1980 4193 vox
2009 4129 2218 4200 fertur
2248 4129 2330 4193 ad
2361 4153 2578 4194 aures:
