3059 4809
654 426 776 487 110
1154 420 1624 484 AENEIDOS
1689 420 1982 482 LIBER
2042 422 2093 480 1.
2441 420 2629 483 nom.

646 561 858 625 Idaliae
880 560 1062 624 lucos
1078 606 1095 637 ‚
1124 559 1235 622 ubi
1266 558 1478 622 mollis
1506 579 1836 621 amaracus
1862 558 2046 621 illum

646 698 944 762 Floribus
966 710 1033 759 et
1054 695 1231 759 dulci
1256 693 1588 779 adspirans
1618 693 2078 779 complectitur
2105 696 2358 759 umbra.

644 838 918 920 Jamque
944 833 1111 910 ibat,
1140 831 1317 895 dicto
1340 853 1575 918 parens
1594 877 1611 907 ,
1641 845 1706 893 et
1729 829 1901 893 dona
1925 830 2181 917 Cupido

648 971 844 1057 Regia
866 969 1171 1057 portabat
1192 968 1431 1053 Tyriis,
1457 968 1622 1031 duce
1645 966 1827 1031 laetus
1847 966 2112 1031 Achate.

646 1113 866 1193 Quum
888 1106 1071 1172 venit
1087 1106 1299 1173 auloeis
1312 1109 1453 1190 jam
1473 1128 1542 1171 se
1563 1107 1788 1191 regina
1809 1108 2107 1191 superbis

644 1250 854 1309 Aurea
877 1244 1240 1331 composuit
1258 1242 1507 1329 sponda
1525 1290 1544 1321 ‚
1571 1243 1979 1329 mediamque
2004 1244 2266 1310 locavit.

726 1732 870 1792 Jam
893 1742 1076 1813 pater
1100 1731 1327 1790 AEneas
1353 1740 1419 1788 et
1432 1727 1570 1809 jam
1590 1724 1863 1808 Trojana
1884 1725 2195 1807 juventus

637 1862 1054 1928 Conveniunt
1071 1909 1088 1940 ,
1114 1875 1447 1947 stratoque
1470 1882 1667 1947 super
1689 1858 2115 1924 discumbitur
2137 1877 2340 1925 ostro,

636 2006 811 2065 Dant
832 1997 1053 2063 famuli
1072 1998 1369 2063 manibus
1390 1995 1682 2083 lymphas
1701 2043 1718 2074 ,
1748 1997 2186 2083 Cereremque
2213 2000 2509 2064 canistris

634 2137 1032 2224 Expediunt‚
1058 2138 1385 2220 tonsisque
1406 2135 1628 2199 ferunt
1647 2134 1953 2199 mantelia
1969 2135 2158 2199 villis.

638 2274 1123 2362 Quinquaginta
1141 2274 1318 2337 intus
1337 2273 1590 2336 famulae
1609 2321 1628 2352 ,
1656 2274 1889 2359 quibus
1911 2274 2141 2339 ordine
2165 2275 2362 2363 longo

636 2415 809 2478 Cura
835 2435 1079 2501 penum
1105 2427 1355 2475 struere
1375 2457 1391 2487 ‚
1420 2426 1486 2473 et
1509 2412 1778 2476 flammis
1796 2413 2059 2478 adolere
2084 2418 2382 2477 Penates·

639 2557 919 2621 Centum
942 2552 1079 2617 aliae
1095 2600 1115 2631 ,
1142 2550 1545 2635 totidemque
1566 2571 1756 2636 pares
1777 2567 1962 2615 aetate
1985 2552 2295 2630 ministri,

634 2695 765 2779 Qui
795 2691 1069 2780 dapibus
1091 2711 1340 2755 mensas
1364 2703 1644 2753 onerent
1666 2705 1731 2753 et
1757 2691 1989 2777 pocula
2011 2709 2288 2779 ponant.

633 2834 902 2894 Necnon
930 2843 997 2891 et
1025 2826 1201 2913 Tyrii
1219 2846 1341 2913 per
1361 2824 1584 2889 limina
1610 2825 1756 2889 laeta
1776 2827 2148 2912 frequentes

632 2968 1015 3031 Convenere
1035 3012 1053 3042 ‚
1088 2963 1248 3027 toris
1268 2964 1430 3049 jussi
1460 2964 1868 3030 discumbere
1899 2967 2110 3052 pictis.

628 3104 943 3167 Mirantur
964 3102 1136 3167 dona
1161 3106 1405 3181 AEneae3
1433 3076 1754 3167 mirantur
1781 3105 2023 3183 Iulum,

633 3242 1131 3328 Flagrantesque
1156 3240 1262 3303 dei
1285 3240 1499 3305 vultus
1516 3289 1536 3319 ‚
1561 3241 1986 3329 simulataque
2014 3246 2210 3309 verba
2228 3292 2246 3323 ,

628 3377 1001 3463 Pallamque
1020 3424 1037 3455 ,
1066 3392 1133 3442 et
1157 3376 1402 3464 pictum
1432 3399 1666 3442 croceo
1692 3378 1982 3444 velamen
2013 3382 2309 3447 acantho.

627 3517 959 3603 Praecipue
977 3516 1199 3581 infelix
1211 3562 1230 3594 ,
1263 3515 1427 3603 pesti
1449 3515 1684 3581 devota
1704 3519 1938 3582 futurae
1956 3566 1973 3597 ,

629 3656 889 3744 Expleri
911 3670 1195 3719 mentem
1215 3652 1445 3740 nequit
1462 3702 1481 3733 ,
1508 3654 1911 3742 ardescitque
1934 3656 2180 3721 tuendo
2200 3704 2220 3736 ,

625 3794 987 3869 Phoenissa3
1022 3808 1087 3855 et
1114 3815 1320 3881 puero
1349 3794 1594 3879 pariter
1616 3792 1930 3880 donisque
1953 3809 2276 3860 movetur.

623 3934 740 4000 Ille
758 3983 776 4014 ‚
804 3934 918 3999 ubi
938 3932 1278 4019 complexu
1306 3937 1516 3999 AEneae
1539 3932 1838 4018 colloque
1859 3934 2173 4021 pependit
2194 3981 2211 4012 ‚

626 4075 706 4134 Et
728 4094 1028 4157 magnum
1051 4070 1191 4135 falsi
1207 4069 1499 4158 implevit
1530 4070 1842 4155 genitoris
1867 4092 2152 4133 amorem
2169 4116 2186 4147 ,
