3059 4809
723 464 802 524 72
1226 459 1697 523 AENEIDOS
1759 457 2055 519 LIBER
2113 457 2167 517 l.

719 609 970 673 Bellum
989 608 1220 695 ingens
1252 622 1436 693 geret
1461 607 1644 670 ltalia
1661 655 1679 686 ,
1707 606 2113 694 populosque
2135 606 2387 671 feroces

718 747 1128 824 Contundet,
1156 767 1497 831 moresque
1527 745 1683 809 viris
1711 760 1778 808 et
1804 744 2037 807 moenia
2056 760 2259 832 ponet
2285 770 2302 808 ε
2353 832 2357 837 .

717 881 931 947 Tertia
964 881 1118 945 dum
1146 880 1328 944 Latio
1358 895 1742 967 regnantem
1772 879 2010 942 viderit
2031 896 2240 958 aestaS‚

723 1026 1060 1106 Ternaque
1090 1020 1466 1083 transierint
1493 1019 1750 1083 Rutulis
1771 1020 2045 1083 hiberna
2068 1000 2385 1087 subactis.⁴

719 1160 806 1221 At
833 1179 998 1244 puer
1019 1156 1360 1235 AscaniuS,
1395 1157 1499 1220 cui
1525 1179 1703 1220 nunc
1730 1180 2093 1243 cognomen
2125 1159 2265 1224 Iulo

719 1292 1000 1358 Additur
1029 1294 1188 1381 (Ilus
1220 1310 1356 1357 erat
1375 1342 1393 1373 ‚
1429 1294 1583 1357 dum
1615 1317 1723 1358 res
1753 1295 1931 1359 stetit
1952 1295 2066 1358 Ilia
2096 1296 2367 1383 regno),

723 1432 1014 1518 Triginta
1042 1455 1312 1519 magnos
1348 1433 1686 1498 volvendis
1716 1434 2044 1497 mensibus
2075 1435 2269 1499 orbes

716 1572 999 1658 Imperio
1032 1572 1350 1658 explebit,
1386 1595 1791 1659 regnumque
1822 1575 1904 1637 ab
1936 1574 2085 1638 sede
2114 1575 2337 1638 Lavini

719 1710 1087 1774 Transferet
1109 1758 1126 1789 ,
1155 1726 1220 1774 et
1248 1711 1508 1798 longam
1536 1712 1741 1776 multa
1762 1713 1828 1778 vi
1850 1713 2099 1777 muniet
2128 1713 2378 1777 Albam.

720 1852 840 1915 Hic
859 1854 998 1935 jam
1027 1867 1128 1915 ter
1160 1868 1420 1916 centum
1452 1867 1627 1916 totos
1656 1852 2035 1939 regnabitur
2064 1875 2267 1917 annos

723 1991 941 2053 Gente
965 1991 1084 2053 sub
1109 1993 1424 2065 Hectorea
1442 2038 1460 2069 ‚
1489 1991 1699 2055 donec
1724 1992 1949 2078 regina
1978 1993 2274 2057 sacerdos

721 2130 926 2189 Marte
949 2126 1159 2211 gravis
1191 2128 1510 2211 geminam
1542 2143 1734 2213 partu
1763 2128 1943 2191 dabit
1965 2128 2080 2191 Ilia
2102 2129 2379 2216 prolem.

720 2242 881 2328 Inde
905 2263 1072 2351 lupae
1097 2263 1276 2328 fulvo
1307 2266 1578 2329 nutricis
1613 2266 1896 2352 tegmine
1918 2265 2101 2330 laetus

723 2406 1036 2469 Romulus
1065 2405 1341 2491 excipiet
1369 2421 1633 2493 gentem
1655 2453 1671 2484 ‚
1709 2420 1773 2468 et
1806 2406 2121 2469 Mavortia
2148 2403 2388 2469 condet

723 2544 956 2607 Moenia
977 2592 994 2622 ,
1031 2549 1483 2630 Romanosque
1515 2567 1631 2608 suo
1663 2544 1744 2608 de
1774 2544 2041 2608 nomine
2069 2544 2263 2608 dicet.

723 2683 839 2746 His
871 2706 992 2770 ego
1021 2703 1144 2746 nec
1165 2700 1367 2746 metas
1393 2705 1616 2747 rerum
1642 2707 1765 2748 nec
1796 2700 2093 2771 tempora
2113 2706 2291 2771 pono
2321 2708 2337 2745 ε

723 2823 1075 2910 Imperium
1101 2823 1237 2885 sine
1267 2823 1396 2887 fine
1425 2823 1599 2887 dedi.
1633 2824 1813 2907 Quin
1842 2846 2063 2912 aspera
2082 2828 2256 2887 Juno
2275 2871 2293 2902 ,

725 2964 887 3042 Quae
917 2983 1092 3023 mare
1120 2983 1297 3025 nunc
1326 2977 1659 3047 terrasque
1680 2978 1861 3027 metu
1886 2962 2247 3049 coelumque
2269 2962 2489 3049 fatigat

728 3097 1014 3163 Consilia
1041 3098 1110 3161 in
1141 3098 1370 3162 melius
1400 3100 1678 3176 referet3
1708 3122 2092 3186 mecumque
2123 3101 2371 3165 fovebit

722 3242 1047 3300 Romanos
1075 3260 1293 3301 rerum
1323 3237 1625 3302 dominos
1645 3286 1662 3317 ,
1689 3254 2082 3325 gentemque
2111 3210 2416 3323 togatam.
2470 3262 2473 3267 ·

723 3373 828 3436 Sic
852 3352 1182 3457 placitum.
1209 3373 1444 3437 Veniet
1471 3374 1691 3437 lustris
1713 3374 2079 3438 labentibus
2101 3389 2247 3437 aetas
2271 3421 2287 3451 ,

729 3511 895 3578 Cum
925 3510 1154 3575 domus
1183 3514 1471 3587 Assaraci
1495 3513 1797 3588 Phthiam
1822 3514 2152 3599 clarasque
2175 3517 2471 3600 Mycenas

725 3648 1005 3713 Set-vitio
1029 3665 1284 3735 premet
1302 3697 1319 3728 ,
1348 3672 1421 3713 ac
1447 3650 1630 3715 victis
1653 3651 2095 3715 dominabitur
2117 3650 2327 3737 Argis.

719 3788 1030 3849 Nascetur
1051 3785 1320 3872 pulchra
1341 3792 1655 3873 Trojanus
1678 3790 1928 3875 origine
1950 3791 2185 3870 Caesar,

722 3922 1073 4006 Imperium
1109 3924 1372 3987 Oceano
1388 3972 1406 4003 ,
1443 3925 1675 3989 famam
1700 3926 1813 4011 qui
1835 3925 2142 3990 terminet
2163 3916 2385 4003 astris;

722 4061 930 4127 Julius
951 4114 967 4143 ,
999 4088 1034 4127 a
1059 4087 1296 4151 magno
1321 4066 1664 4144 demissum
1694 4089 1934 4131 nomen
1958 4068 2123 4131 Iulo.

2519 469 2573 500 v.
2597 452 2709 510 267.
