3059 4809
678 486 758 547 70
1182 479 1651 541 AENEIDOS
1707 478 2009 540 LIBER
2066 478 2121 539 Ι.
2462 484 2655 531 nau·-

674 636 861 697 Nunc
886 630 1111 695 eadem
1136 630 1400 693 fortuna
1432 628 1607 693 viros
1628 642 1729 691 tot
1756 627 2004 691 casibus
2032 644 2209 693 actos

673 770 1044 857 Insequitur
1071 793 1088 831 ε
1117 790 1311 855 quem
1332 767 1445 831 das
1477 767 1674 830 finem
1696 814 1714 846 ,
1740 789 1856 832 rex
1884 788 2117 853 magne
2132 814 2150 845 ‚
2184 767 2526 833 laborum?

679 914 978 976 Antenor
1007 906 1225 1011 potuit
1242 955 1260 987 ,
1294 907 1522 971 mediis
1552 907 1801 995 elapsus
1829 907 2089 972 Achivis
2108 908 2191 987 2⁶,

681 1049 977 1136 Illyricos
1009 1063 1356 1135 penetrare
1387 1048 1563 1113 sinus
1586 1062 1783 1133 atque
1811 1047 2041 1111 intima
2069 1063 2247 1111 tutus

679 1192 904 1275 Regna
931 1188 1373 1252 Liburnorum
1392 1233 1411 1267 ,
1447 1203 1514 1251 et
1542 1188 1792 1251 fontem
1823 1208 2127 1273 superare
2152 1187 2398 1252 Timavi
2411 1235 2429 1266 ‚

675 1326 865 1392 Unde
896 1350 1018 1415 per
1049 1348 1162 1391 ora
1191 1349 1430 1391 novem
1459 1341 1642 1391 vasto
1676 1348 1823 1389 cum
1852 1348 2186 1390 murmure
2216 1327 2457 1391 montis

594 1459 602 1467 ’
677 1466 737 1529 It
754 1486 941 1531 ‘mare
971 1482 1366 1555 proruptum
1385 1514 1405 1547 ‚
1433 1482 1501 1530 et
1526 1467 1759 1554 pelago
1786 1458 2027 1553 premit
2056 1487 2207 1529 arva
2238 1466 2520 1529 sonanti.

677 1605 798 1669 Hic
826 1620 1044 1671 tamen
1072 1605 1182 1670 ille
1216 1604 1447 1669 urbem
1477 1606 1707 1669 Patavi
1727 1604 2039 1690 sedesque
2064 1605 2302 1670 locavit

676 1751 1074 1810 Teucrorum
1093 1793 1111 1826 ‚
1147 1761 1213 1809 et
1241 1746 1422 1833 genti
1447 1767 1691 1859 nqmen
1724 1744 1904 1809 dedit
1923 1793 1940 1824 ,
1975 1768 2281 1831 armaque
2312 1744 2451 1808 fixit

677 1892 902 1962 Troia3
934 1907 1113 1949 nunc
1141 1885 1392 1973 placida
1422 1900 1793 1973 compostus
1820 1908 1980 1973 pace
2004 1886 2298 1973 quiescit.

677 2027 810 2087 Nos
829 2070 847 2102 ,
882 2038 993 2086 tua
1020 2026 1400 2126 progenieS,
1432 2026 1580 2091 coeli
1602 2027 1838 2112 quibus
1858 2024 2089 2089 annuis
2117 2047 2329 2089 arcem
2348 2073 2365 2103 ,

679 2162 962 2226 Navibus
989 2133 1402 2251 (infandum)
1433 2165 1673 2229 amissis
1693 2212 1711 2243 ‚
1748 2166 1939 2230 unius
1966 2167 2056 2230 ob
2084 2167 2247 2230 iram

681 2300 1054 2379 Prodimur,
1089 2315 1282 2386 atque
1303 2300 1482 2365 Italis
1514 2301 1711 2388 longe
1738 2304 2167 2392 disjungimur
2188 2304 2341 2369 oris·

683 2442 802 2505 Hic
831 2440 1089 2527 pietatis
1117 2441 1370 2505 honos?
1403 2441 1507 2505 Sic
1541 2464 1660 2505 nos
1690 2442 1760 2505 in
1791 2449 2055 2531 sceptra·
2072 2445 2371 2532 reponis?
2402 2473 2431 2502 v>

772 2985 920 3061 Ollis
929 2984 1272 3065 subridens
1304 2984 1645 3050 hominum
1674 2999 1850 3050 sator
1876 2999 2069 3071 atque
2102 2985 2373 3059 deorum
2394 3032 2410 3061 ‚

681 3121 882 3186 Vultu
904 3147 1035 3210 quo
1059 3126 1291 3189 coelum
1321 3139 1865 3214 tempestatesque
1896 3141 2152 3192 serenat
2171 3172 2188 3202 ,

686 3261 923 3326 Oscula
944 3263 1170 3328 libavit
1189 3280 1394 3342 natae;
1429 3266 1665 3331 dehinc
1697 3268 1844 3330 talia
1878 3266 2049 3331 fatur
2078 3291 2093 3327 z

687 3430 714 3461 «
746 3407 950 3465 Parce
977 3420 1192 3482 metu,
1226 3404 1589 3489 Cytherea3
1624 3422 1890 3470 manent
1919 3407 2185 3470 immota
2214 3419 2475 3468 tuorum

681 3546 832 3607 Fata
860 3542 1013 3621 tibi3
1051 3568 1278 3610 cernes
1307 3545 1539 3609 urbem
1563 3562 1630 3609 et
1651 3545 1963 3633 promissa
1986 3544 2209 3610 Lavini

679 3683 911 3747 Moenia
927 3726 944 3759 ,
982 3648 1462 3769 sublimemque.
1479 3683 1648 3749 feres
1669 3684 1750 3748 ad
1772 3683 1981 3748 sidera
2011 3682 2157 3747 coeli

682 3824 1156 3913 Magnanimum
1187 3828 1482 3904 AEneam3
1513 3849 1729 3912 neque
1758 3850 1861 3891 me
1892 3826 2211 3891 sententia
2234 3827 2453 3890 vertit.

683 3965 800 4029 Hic
829 3964 980 4050 (tibi
1017 3964 1206 4030 fabor
1232 3967 1404 4030 enim
1426 4015 1443 4045 ,
1483 3967 1744 4053 quando
1771 3967 1907 4030 haec
1941 3983 2004 4030 te
2029 3988 2183 4031 cura
2211 3966 2544 4055 remordet
2562 4016 2578 4047 ,

681 4107 963 4192 Longius
988 4124 1052 4171 et
1080 4108 1348 4172 volvens
1381 4108 1662 4173 fatorum
1694 4130 1919 4171 arcana
1944 4106 2277 4193 movebo).
