3059 4809
692 419 820 483 2:24
1160 417 1634 484 IENEIDOS
1693 422 1990 494 LIBER
2049 424 2190 485 ΠΙ.
2481 441 2530 472 v·
2557 423 2669 472 21⁵·
2718 409 2729 421 ’

688 545 895 610 Pestis
916 559 989 608 et
1014 544 1113 608 ira
1141 543 1335 608 deum
1366 545 1608 632 Stygiis
1637 567 1772 610 sese
1800 546 2034 611 extulit
2061 547 2273 612 undis.

684 681 976 770 Virginei
1006 682 1346 747 volucrum
1382 682 1635 762 vultus,
1668 682 2012 748 foedissima
2037 684 2286 749 ventris

683 822 1052 902 Proluvies‚
1088 843 1399 910 uncoeque
1430 843 1654 886 manus
1671 869 1690 900 ,
1725 837 1791 885 et
1821 821 2059 908 pallida
2088 846 2342 911 semper

691 962 829 1025 Ora
859 959 1049 1024 fame.

678 1177 822 1239 Huc
853 1174 965 1239 ubi
994 1173 1190 1240 delati
1218 1188 1450 1260 portus
1478 1174 1859 1237 intravimus
1879 1221 1896 1252 ,
1932 1195 2081 1237 ecce

674 1317 845 1378 Laeta
872 1313 1075 1376 boum
1102 1312 1338 1398 passim
1367 1311 1606 1398 campis
1635 1327 1926 1376 armenta
1953 1311 2284 1390 videmus,

672 1455 1241 1544 Caprigenumque
1272 1475 1467 1541 pecus
1488 1500 1507 1533 ,
1539 1453 1726 1518 nullo
1757 1451 2058 1532 custode,
2093 1474 2215 1539 per
2241 1451 2498 1515 herbasss

669 1593 984 1658 Irruimus
1005 1592 1182 1655 ferro
1200 1637 1219 1670 ,
1256 1607 1323 1654 et
1354 1590 1536 1656 divos
1565 1591 1904 1678 ipsumque
1935 1613 2238 1656 vocamus

668 1734 745 1798 ln
774 1747 1027 1820 partem
1055 1729 1468 1818 praedamque
1498 1732 1753 1794 Jovem.
1790 1733 1952 1792 Tum
1984 1729 2208 1792 littore
2238 1750 2438 1794 curvo

668 1870 1196 1955 Exstruimusque
1229 1883 1442 1947 torOS,
1480 1867 1881 1954 dapibusque
1912 1868 2248 1954 epulamur
2279 1867 2540 1955 opimis,

667 2013 751 2076 At
776 2009 1003 2074 subitae
1029 2007 1340 2072 horrifico
1368 2006 1552 2094 lapsu
1578 2007 1661 2072 de
1691 2006 2024 2072 montibus
2053 2007 2285 2072 adsunt

666 2143 997 2231 Harpyiae,
1033 2159 1102 2208 et
1129 2145 1377 2231 magnis
1407 2137 1709 2231 quatiunt
1738 2144 2150 2232 clangoribus
2180 2144 2308 2209 alas
2327 2191 2344 2222 ,

660 2283 1126 2370 Diripiuntque
1155 2281 1351 2368 dapes
1370 2329 1388 2360 ‚
1422 2298 1855 2371 contactuque
1879 2285 2094 2349 omnia
2125 2284 2369 2348 foedant

660 2420 1003 2488 Immundo
1039 2445 1055 2483 z
1095 2436 1235 2483 tum
1266 2443 1389 2484 vox
1420 2436 1664 2486 tetrum
1695 2423 1836 2487 dira
1865 2423 2038 2487 inter
2068 2423 2360 2488 odorem.

656 2571 937 2634 Rursum
966 2566 1036 2635 in
1066 2588 1315 2632 secessu
1343 2566 1545 2652 longo
1575 2566 1696 2630 suh
1725 2588 1889 2653 rupe
1921 2580 2138 2632 cavata
2157 2613 2174 2644 ‚

653 2700 1015 2772 Arboribus
1043 2703 1240 2769 clausi
1266 2704 1509 2768 circum
1539 2719 1736 2791 atque
1765 2705 2187 2769 horrentibus
2211 2705 2490 2780 umbriS,

650 2843 1036 2908 Instruimus
1064 2865 1313 2907 mensas
1333 2890 1351 2923 ,
1384 2844 1641 2930 arisque
1672 2843 2046 2930 reponimus
2080 2846 2294 2931 ignem
2325 2867 2342 2906 ε

652 2991 927 3046 Rursum
960 3005 1038 3046 ex
1066 2982 1323 3048 diverso
1354 2983 1499 3047 coeli
1528 2982 1837 3070 caecisque
1865 2983 2131 3054 latebris

646 3118 866 3183 Turba
894 3142 1130 3188 sonans
1155 3120 1440 3208 praedam
1467 3121 1741 3208 pedibus
1771 3121 2194 3190 circumvolat
2225 3120 2442 3197 uncis;

648 3256 897 3322 Polluit
924 3282 1041 3324 ore
1070 3259 1289 3348 dapes·
1324 3260 1534 3328 sociis
1567 3276 1724 3328 tunc
1749 3283 1923 3326 arma
1955 3275 2288 3348 capessant

646 3397 883 3477 Edico,
920 3415 985 3464 et
1014 3401 1153 3464 dira
1180 3401 1426 3465 bellum
1454 3424 1601 3466 cum
1632 3418 1826 3489 gente
1858 3401 2241 3490 gerendum.

648 3536 836 3600 Haud
862 3559 1043 3602 secus
1070 3559 1144 3600 ac
1161 3539 1320 3621 jussi
1346 3538 1590 3618 faciunt
1607 3586 1624 3617 ‚
1664 3555 1996 3628 tectosque
2021 3563 2144 3628 per
2170 3540 2441 3604 herbam

548 3695 555 3710 ¹
641 3676 1014 3763 Disponunt
1042 3698 1225 3740 enses
1244 3724 1261 3756 ,
1297 3690 1362 3741 et
1391 3693 1570 3746 scuta
1599 3677 1864 3748 latentia
1898 3680 2213 3744 condunt.

646 3818 819 3902 Ergo
834 3861 853 3892 ,
882 3814 995 3878 ubi
1020 3814 1291 3901 delapsae
1313 3817 1597 3890 sonitum
1623 3840 1745 3904 per
1769 3840 1965 3883 curva
1990 3819 2230 3884 dedere

638 3953 888 4017 Littora
906 4001 923 4032 ,
951 3953 1060 4017 dat
1083 3954 1337 4040 signum
1360 3955 1620 4043 specula
1643 3957 1920 4021 Misenus
1942 3960 2024 4022 ab
2047 3960 2176 4022 alta

642 4095 790 4155 AEre
813 4114 971 4156 cavo
1000 4117 1015 4155 ε
1044 4093 1359 4160 invadunt
1383 4098 1576 4175 socii,
1603 4113 1669 4161 et
1689 4121 1859 4164 nova
1879 4101 2100 4188 praelia
2125 4117 2384 4167 tentant
2399 4149 2419 4164 .
