3059 4809
589 445 715 506 254-
1074 445 1557 510 AENEIDOS
1618 441 1916 510 LIBER
1951 449 2092 510 111.
2385 447 2586 497 ’.ὕπο

590 570 925 634 Cernitur.
963 570 1223 635 Attollit
1252 593 1321 635 se
1346 570 1495 636 diva
1524 571 1782 636 Lacinia
1811 587 2040 636 contra
2059 619 2080 652 ‚

584 709 1019 796 Caulonisque
1049 731 1228 772 arces
1247 755 1264 781 ‚
1300 724 1367 772 et
1396 708 1802 796 navifragum
1834 711 2251 796 Scylacoeum.

578 853 743 912 Tum
771 846 1002 936 procul
1034 870 1069 911 e
1099 847 1302 912 fluctu
1326 847 1659 912 Trinacria
1688 849 1979 914 cernitur
2007 853 2196 914 AEtna
2224 875 2241 914 ε

580 988 661 1049 Et
693 987 1005 1072 gemitum
1031 985 1370 1074 ingentem
1403 985 1653 1074 pelagi,
1687 985 2067 1075 pulsataque
2098 1010 2244 1052 saxa

578 1122 889 1196 Audimus
916 1123 1114 1211 longe
1136 1171 1155 1202 ‚
1192 1124 1556 1211 fractasque
1587 1125 1670 1191 ad
1699 1124 1924 1190 littora
1951 1149 2180 1204 voces;

577 1262 1044 1349 Exsultantque
1075 1261 1272 1338 vada,
1306 1278 1501 1349 atque
1526 1277 1688 1328 aestu
1717 1264 2074 1329 miscentur
2101 1287 2342 1330 arenae.

575 1403 656 1464 Et
684 1415 869 1487 pater
899 1399 1213 1464 Anchises
1242 1423 1258 1463 ε
1298 1428 1327 1457 α
1362 1399 1682 1464 Nimirum
1710 1400 1847 1466 haec
1879 1401 1986 1465 illa
2022 1402 2391 1489 Charybdis
2419 1430 2438 1468 ε

574 1542 707 1603 Hos
737 1538 1023 1603 Helenus
1053 1537 1354 1625 scopulos
1372 1586 1390 1617 ,
1425 1539 1564 1602 haec
1595 1562 1739 1603 saxa
1767 1540 2094 1606 horrenda
2129 1543 2436 1608 canebat.

572 1678 818 1765 Eripite
839 1727 856 1756 ,
893 1702 932 1743 o
962 1678 1155 1756 socii,
1192 1678 1568 1765 pariterque
1598 1679 1915 1766 insurgite
1946 1681 2162 1744 remis.
2201 1711 2230 1740 »

574 1817 758 1881 Haud
789 1819 999 1908 minus
1030 1841 1105 1882 ac
1127 1819 1289 1903 jussi
1314 1818 1561 1883 faciunt
1589 1843 1606 1881 ε
1636 1818 2012 1905 primusque
2042 1818 2392 1884 rudentem

575 1955 913 2019 Contorsit
941 1956 1128 2020 laevas
1159 1980 1425 2044 proram
1452 1957 1801 2021 Palinurus
1831 1956 1914 2020 ad
1945 1956 2148 2020 undas
2173 1981 2192 2020 ε

574 2097 821 2157 Loevam
855 2110 1089 2158 cuncta
1120 2097 1356 2160 cohors
1387 2095 1582 2160 remis
1617 2094 1951 2180 ventisque
1978 2093 2233 2180 petivit.

570 2233 887 2297 Tollimur
910 2234 986 2302 ,in
1020 2234 1253 2299 coelum
1284 2251 1554 2302 curvato
1591 2235 1848 2322 gurgite
1870 2282 1887 2313 ‚
1926 2250 1992 2298 et
2020 2233 2192 2299 idem

572 2371 903 2436 Subducta
930 2373 1010 2438 ad
1045 2377 1259 2440 Manes
1288 2374 1451 2439 imos
1479 2373 1827 2439 desidimus
1857 2374 2053 2438 unda.

567 2513 692 2574 Ter
716 2510 971 2598 scopuli
1000 2511 1351 2576 clamorem
1378 2513 1554 2576 inter
1582 2535 1732 2577 cava
1763 2535 1908 2578 saxa
1939 2511 2177 2577 dedere
2201 2539 2220 2590 3

568 2651 695 2711 Ter
720 2670 1015 2736 spumam
1048 2651 1267 2715 elisam
1299 2667 1365 2715 et
1398 2651 1686 2716 rorantia
1719 2650 1994 2716 vidimus
2026 2667 2219 2716 astra.

644 4101 897 4166 Interea
928 4099 1126 4164 fessos
1159 4115 1390 4170 ventus
1422 4130 1568 4170 cum
1603 4103 1738 4172 sole
1767 4101 2070 4196 reliquit3
