3059 4809
751 452 868 513 104
1250 441 1716 515 AENEIDOS
1776 454 2075 516 LIBER
2132 456 2184 516 I}
2522 453 2694 504 ἢθη

738 574 918 637 Alma
942 576 1160 639 Venus
1181 577 1450 663 Phrygii
1471 578 1696 663 genuit
1720 578 2069 644 Simoentis
2091 580 2173 645 ad
2198 580 2483 646 undam?

737 715 948 797 Atque
971 712 1270 797 equidem
1290 686 1610 779 Teucrum
1630 716 1896 780 memini
1920 718 2159 783 Sidona
2179 718 2404 783 venire
2421 766 2440 797 ,

736 847 1002 911 Finibus
1024 845 1359 933 expulsum
1379 848 1605 934 patriis
1625 897 1642 928 ,
1667 874 1837 916 nova
1862 875 2065 939 regna
2085 870 2418 941 petentem

737 984 996 1047 Auxilio
1025 983 1187 1047 Beli.
1221 985 1502 1049 Genitor
1528 1000 1668 1049 tum
1699 988 1889 1051 Belus
1922 990 2202 1077 opimam
2508 951 2519 958 ⁵

734 1099 1043 1187 vastabat
1072 1124 1362 1211 Cyprum
1379 1171 1396 1202 ,
1425 1139 1494 1187 et
1523 1126 1734 1189 victor
1762 1125 2011 1191 ditione
2044 1129 2331 1194 tenebat.

735 1267 1052 1348 Tempore
1067 1264 1201 1346 jam
1224 1284 1303 1324 ex
1329 1259 1446 1325 illo
1467 1282 1648 1325 casus
1668 1262 1829 1327 mihi
1850 1264 2153 1349 cognitus
2178 1264 2360 1336 urbis

734 1404 1024 1485 Trojanae
1044 1448 1062 1480 ,
1094 1420 1468 1485 nomenque
1501 1414 1684 1463 tuum
1705 1445 1723 1477 ,
1757 1421 2073 1486 regesque
2102 1400 2377 1488 Pelasgi.

733 1546 877 1629 Ipse
909 1541 1112 1606 hostis
1139 1545 1422 1604 Teucros
1451 1514 1905 1625 insigni-laude
1934 1541 2186 1605 ferebat
2204 1589 2221 1620 ,

737 1682 950 1765 Seque
973 1693 1191 1742 ortum
1214 1676 1480 1763 antiqua
1505 1682 1904 1742 Teucrorum
1926 1702 1962 1743 a
1990 1679 2194 1765 stirpe
2218 1650 2504 1745 volebat.

739 1820 958 1899 Quare
981 1816 1149 1901 agite
1164 1862 1182 1893 ,
1209 1838 1250 1880 o
1275 1816 1463 1880 tectis
1479 1863 1496 1894 ,
1515 1818 1789 1899 juvenes
1805 1862 1822 1894 ,
1848 1816 2169 1881 succedite
2191 1818 2455 1882 nostris.

734 1957 834 2018 Me
857 1977 1117 2041 quoque
1138 1976 1259 2042 per
1279 1954 1520 2018 multos
1544 1953 1766 2017 similis
1786 1954 2052 2017 fortuna
2073 1951 2329 2017 labores

729 2096 1049 2154 Jactatam
1079 2090 1196 2154 hac
1226 2089 1487 2155 demum
1515 2092 1725 2155 voluit
1754 2090 2106 2156 consistere
2139 2105 2351 2154 terra:

734 2227 880 2289 Non
908 2224 1130 2312 ignara
1158 2226 1340 2305 mali,
1379 2228 1626 2291 miseris
1656 2250 2033 2293 succurrere
2063 2228 2241 2291 disco
2260 2229 2339 2290 ³⁸.
2368 2258 2396 2287 ι)

825 2362 931 2426 Sic
951 2377 1300 2440 memorat3
1327 2364 1515 2427 simul
1542 2368 1785 2429 AEnean
1806 2366 1875 2429 in
1897 2366 2073 2452 regia
2094 2366 2273 2429 ducit

735 2505 928 2565 Tecta
943 2548 961 2579 ‚
988 2501 1176 2566 simul
1199 2502 1420 2567 divum
1443 2503 1701 2590 templis
1722 2503 1951 2567 indicit
1976 2504 2317 2568 honorem.

734 2642 866 2703 Nec
895 2640 1108 2704 minus
1135 2616 1386 2705 interea
1417 2642 1604 2705 sociis
1635 2641 1716 2704 ad
1746 2618 1966 2705 littora
1996 2620 2199 2704 mittit.

733 2780 980 2867 Viginti
1003 2795 1223 2846 tauros
1238 2828 1254 2856 ‚
1282 2803 1667 2867 magnorum
1689 2780 2028 2845 horrentia
2050 2796 2311 2844 centum

731 2923 938 3005 Terga
959 2943 1144 2985 suum
1157 2968 1176 2999 ,
1204 2920 1477 3007 pingues
1498 2934 1760 2984 centum
1785 2942 1930 2983 cum
1954 2921 2267 2986 matribus
2288 2944 2526 3007 agnos;

733 3056 999 3118 Munera
1014 3102 1033 3133 ,
1066 3056 1480 3141 laetitiamque
1512 3057 1627 3121 dii.
1842 3111 1876 3141 0

819 3194 906 3257 At
934 3191 1162 3258 domus
1189 3195 1468 3259 interior
1496 3184 1700 3281 regali
1728 3193 2064 3283 splendida
2096 3197 2252 3261 luxu
2270 3196 2325 3237 ³9

730 3330 1104 3409 Instruitur,
1130 3331 1483 3418 mediisque
1505 3350 1739 3419 parant
1762 3334 2055 3399 convivia
2084 3333 2305 3397 tectis:

730 3470 886 3532 Arte
913 3469 1218 3535 laboratae
1246 3486 1454 3536 vestes
1472 3516 1489 3548 ,
1519 3486 1829 3558 ostroque
1860 3474 2183 3560 superb03

732 3608 963 3693 Ingens
986 3625 1326 3693 argentum
1352 3610 1589 3674 mensis
1603 3656 1621 3688 ,
1650 3611 1998 3697 caelataque
2018 3616 2090 3675 in
2112 3634 2273 3675 auro

727 3743 946 3809 Fortia
965 3744 1132 3806 facta
1154 3757 1410 3828 patrum
1421 3770 1444 3823 ·,
1471 3746 1667 3809 series
1687 3746 2058 3833 longissima
2084 3745 2305 3810 rerum
2323 3795 2341 3825 ,

729 3884 858 3943 Per
884 3894 982 3944 tot
1003 3879 1197 3943 ducta
1218 3880 1394 3945 viros
1415 3884 1678 3969 antiqua
1701 3885 1784 3947 ab
1798 3860 2061 3969 'origine
2085 3883 2317 3968 gentiS.

819 4070 1044 4132 AEneas
1069 4068 1319 4155 (neque
1343 4072 1516 4137 enim
1540 4076 1785 4160 patrius
1810 4076 2160 4141 consistere
2182 4090 2471 4142 mentem
