3059 4809
593 438 672 499 74
1093 432 1567 496 AENEIDOS
1627 432 1921 495 LIBER
1981 434 2032 494 1.
2371 434 2554 494 vd93·

586 590 776 651 Hunc
798 600 868 648 tu
892 582 1050 648 olim
1071 583 1235 647 coelo
1254 631 1272 662 ,
1313 582 1535 669 spoliis
1561 582 1851 647 Orientis
1873 598 2179 648 onustum
2200 632 2216 656 ,

584 721 874 809 Accipies
894 743 1151 785 secura:
1180 719 1520 786 vocabitur
1541 720 1649 784 hic
1679 742 1941 806 quoque
1963 719 2157 784 votis.

583 865 826 949 Aspera
856 877 996 925 tum
1025 859 1252 948 positis
1281 858 1626 923 mitescent
1654 824 1881 921 saecula
1912 856 2126 921 bellis.

588 998 762 1062 Cana
780 997 968 1063 Fides
985 1046 1004 1075 ‚
1035 1014 1103 1062 et
1126 1001 1320 1063 Vesta
1335 1046 1352 1077 ,
1380 1003 1586 1063 Remo
1608 1020 1756 1063 cum
1779 997 1983 1061 fratre
2007 995 2323 1079 Quirinus
2340 1043 2357 1073 ,

585 1140 744 1200 Jura
765 1136 1046 1211 dabuntz
1081 1138 1238 1202 dirae
1263 1138 1440 1202 ferro
1473 1153 1539 1201 et
1563 1137 1979 1224 compagibus
2001 1136 2195 1219 arctis

587 1272 988 1339 Claudentur
1008 1274 1165 1339 belli
1186 1290 1393 1362 portae
1418 1300 1434 1338 τ
1469 1278 1678 1340 Furor
1699 1274 1934 1362 impius
1957 1275 2131 1339 intus
2145 1274 2226 1353 ²⁷,

584 1415 762 1477 Saeva
784 1414 1014 1478 sedens
1040 1437 1234 1501 super
1263 1438 1439 1479 arma
1458 1463 1476 1495 ‚
1513 1430 1580 1478 et
1607 1430 1869 1479 centum
1899 1415 2152 1479 vinctus
2188 1415 2407 1478 ahenis

582 1557 740 1621 Post
770 1569 1025 1641 tergum
1050 1554 1242 1619 nodis
1261 1602 1280 1633 ‚
1317 1554 1552 1618 fremet
1579 1553 1885 1617 horridus
1898 1572 2027 1617 ’ore
2055 1569 2328 1619 cruento
2342 1599 2358 1614 .
2392 1582 2419 1610 n

671 2112 821 2172 Haec
850 2110 941 2172 ait
959 2134 979 2171 τ
1015 2124 1082 2173 et
1103 2110 1266 2173 Maia
1295 2112 1588 2197 genitum
1609 2110 1896 2174 demittit
1921 2111 2003 2173 ab
2028 2111 2194 2187 alto;

582 2253 669 2315 Ut
690 2265 882 2314 terrae
898 2299 916 2330 ,
944 2266 1147 2337 utque
1169 2272 1357 2315 novoe
1379 2266 1646 2338 pateant
1670 2250 2079 2338 Carthaginis
2100 2274 2277 2316 arces

582 2389 880 2476 Hospitio
902 2388 1193 2464 Teucris;
1223 2410 1308 2451 ne
1329 2387 1443 2450 fati
1463 2387 1681 2451 nescia
1706 2387 1877 2451 Dido

585 2528 853 2592 Finibus
876 2542 1148 2591 arceret.
1185 2526 1378 2591 Volat
1398 2524 1508 2590 ille
1531 2548 1653 2613 per
1675 2548 1822 2590 aera
1843 2550 2147 2613 magnum

575 2668 872 2754 Remigio
900 2666 1176 2745 alarum,
1210 2689 1284 2731 ac
1306 2665 1521 2754 Libyae
1552 2667 1718 2730 citus
1747 2667 1993 2733 adstitit
2022 2670 2176 2733 oris.

583 2806 664 2869 Et
676 2808 810 2889 jam
825 2808 1001 2889 jussa
1027 2804 1218 2868 facit:
1250 2821 1642 2892 ponuntque
1666 2806 1905 2871 ferocia
1932 2807 2117 2871 Poeni
2161 2866 2165 2871 .

581 2944 796 3008 Corda
812 2992 829 3022 ,
863 2945 1129 3011 volente
1151 2945 1276 3009 deo
1300 2969 1318 3008 ε
1345 2945 1416 3009 in
1438 2944 1666 3031 primis
1689 2945 1913 3031 regina
1944 2945 2235 3031 quietum

581 3081 832 3168 Accipit
852 3083 921 3146 in
939 3088 1224 3148 Teucros
1247 3083 1537 3147 animum
1559 3093 1975 3170 mentemque
2003 3085 2370 3172 benignam.

669 3351 755 3412 At
783 3346 928 3433 pius
957 3352 1188 3413 AEneas
1209 3396 1226 3426 ,
1258 3371 1379 3437 per
1400 3364 1666 3413 noctem
1690 3350 1971 3437 plurima
1996 3351 2265 3417 volvens
2284 3400 2300 3431 ‚

582 3488 665 3550 Ut
689 3484 975 3571 primum
1007 3487 1120 3550 lux
1145 3485 1312 3549 alma
1341 3486 1487 3550 data
1517 3502 1646 3566 est,
1678 3488 1853 3553 exire
1873 3536 1891 3567 ‚
1920 3489 2226 3576 locosque
2280 3500 2286 3506 “

577 3627 927 3713 Explorare
954 3649 1196 3706 novos;
1233 3651 1392 3715 quas
1420 3644 1623 3694 vento
1652 3631 1991 3695 accesserit
2020 3652 2168 3695 oras
2188 3676 2205 3708 ,

581 3769 712 3850 Qui
733 3752 1028 3845 teneant,
1055 3790 1204 3831 nam
1225 3770 1469 3833 inculta
1491 3768 1672 3833 videt
1686 3816 1703 3848 ,
1733 3758 2113 3834 hominesne
2132 3818 2147 3843 ‚
2175 3768 2411 3834 feraene
2432 3818 2447 3845 ,

581 3908 889 3988 Quaerere
922 3906 1256 3969 constituit
1277 3954 1294 3986 ,
1327 3907 1645 3992 sociisque
1678 3922 1897 3973 exacta
1929 3908 2197 3970 referre.

574 4041 858 4107 'Classem
883 4044 954 4107 in
982 4066 1274 4111 convexo
1299 4069 1643 4110 nemorum
1666 4093 1683 4123 ,
1715 4046 1835 4108 sub
1863 4068 2025 4132 rupe
2054 4060 2271 4109 cavata
2291 4093 2307 4124 ‚
