3059 4809
661 432 744 494 50
1175 430 1642 493 AENEIDOS
1704 430 1997 491 LIBER
2056 430 2107 489 Ι.

657 580 870 658 Ostia,
904 578 1084 645 dives
1111 602 1308 665 opum
1328 626 1346 657 ,
1378 577 1733 663 studiisque
1766 578 2117 664 asperrima
2145 576 2369 653 be11i;·

653 706 864 787 Quam
892 708 1067 767 Juno
1093 704 1302 769 fertur
1328 704 1522 767 terris
1550 704 1749 790 magis
1777 705 2081 769 omnibus
2107 728 2304 770 unam

651 842 1023 907 Posthabita
1051 843 1318 908 coluisse
1351 847 1582 908 Samo:
1613 844 1719 908 hic
1751 843 1921 907 illius
1949 865 2127 907 arma
2144 891 2165 922 ‚

651 982 770 1045 Hic
793 1005 1020 1046 currus
1042 982 1163 1045 fuit
1185 1004 1201 1044 t
1232 980 1359 1044 hoc
1382 969 1657 1067 regnum
1680 980 1799 1044 dea
1822 980 2122 1067 gentibus
2146 1004 2279 1046 esse
2298 1030 2317 1061 ‚

652 1121 721 1186 Si
744 1144 870 1207 qua
892 1121 1020 1183 fata
1039 1120 1251 1184 sinant
1269 1166 1287 1198 ‚
1306 1122 1441 1204 jam
1464 1135 1604 1183 tum
1629 1118 1967 1205 tenditque
1991 1120 2322 1205 fovetque.

647 1258 1038 1345 Progeniem
1059 1257 1171 1321 sed
1198 1258 1371 1321 enim
1391 1258 1673 1342 Trojano
1700 1279 1737 1319 a
1762 1257 2075 1343 sanguine
2100 1258 2249 1322 duci

647 1398 952 1461 Audierat
969 1443 987 1474 ,
1020 1395 1243 1483 Tyrias
1270 1395 1428 1459 olim
1459 1418 1603 1481 quae
1632 1411 1920 1460 verteret
1950 1419 2164 1473 arces3

648 1540 814 1603 Hinc
837 1537 1152 1625 populum
1174 1536 1300 1599 late
1325 1556 1549 1623 regem
1568 1560 1585 1612 ς
1615 1520 1922 1621 belloque
1944 1537 2293 1622 superbum
2313 1584 2331 1615 ,

649 1681 1013 1743 Venturum
1045 1676 1291 1741 excidio
1323 1675 1579 1763 Lihyaez
1616 1675 1707 1739 sic
1736 1674 2005 1741 volvere
2036 1680 2290 1737 Parcas.

650 1817 725 1881 Id
753 1832 1046 1880 metuens
1066 1863 1084 1895 ‚
1109 1815 1474 1900 veterisque
1505 1836 1756 1877 memor
1791 1812 2094 1911 Saturnia
2121 1811 2316 1889 belli,

649 1956 867 2018 Prima
893 1953 1072 2040 quod
1092 1953 1172 2016 ad
1193 1956 1451 2037 Trojam
1472 1950 1790 2039 pro'caris
1811 1968 2093 2037 gesserat
2115 1953 2300 2040 Argis
2320 2002 2337 2032 ,

650 2092 936 2156 Necdum
959 2093 1154 2156 etiam
1177 2114 1382 2156 causae
1404 2093 1648 2157 irarum
1670 2092 1949 2178 saevique
1973 2091 2233 2156 dolores

650 2230 1036 2295 Exciderant
1059 2230 1315 2294 animo:
1343 2247 1564 2294 manet
1588 2232 1718 2295 alta
1740 2247 1958 2297 mente
1984 2247 2321 2318 repostum

650 2371 974 2435 Judicium
1003 2366 1252 2433 Paridis
1269 2416 1285 2446 ‚
1315 2384 1675 2456 spretaeque
1704 2370 1941 2456 injuria
1969 2373 2191 2437 formae
2209 2421 2226 2451 ‚

652 2514 735 2575 Et
755 2531 960 2597 genus
981 2507 1259 2573 invisum
1279 2555 1296 2586 ‚
1326 2523 1392 2571 et
1413 2509 1584 2596 rapti
1609 2510 2002 2595 Ganymedis
2024 2510 2329 2575 honores·

655 2646 770 2711 His
799 2668 1063 2710 accensa
1086 2668 1303 2732 super,
1326 2650 1603 2731 jactatos
1636 2672 1895 2735 aequore
1927 2664 2069 2713 toto

656 2790 854 2850 Troas
873 2832 890 2863 ,
917 2784 1219 2871 reliquias
1245 2790 1538 2851 Danaum
1564 2804 1759 2874 atque
1780 2789 2043 2853 immitis
2066 2787 2336 2865 Achilli,

659 2926 939 2991 Arcebat
963 2926 1157 3013 longe
1184 2928 1362 2991 Latio
1388 2952 1404 2989 z
1435 2928 1806 3014 multosque
1835 2950 1955 3014 per
1985 2948 2189 2991 annos

659 3065 982 3129 Errabant
1008 3065 1132 3128 acti
1159 3065 1304 3129 fatis
1335 3066 1535 3130 maria
1566 3068 1783 3131 omnia
1813 3066 2080 3131 circum.

660 3210 876 3269 Tantae
905 3203 1093 3267 molis
1121 3218 1260 3266 erat
1289 3207 1642 3270 Romanam
1673 3207 1958 3272 condere
1988 3221 2246 3292 gentem
2272 3210 2289 3267 l

753 4062 873 4124 Vix
909 4084 943 4123 e
976 4079 1327 4149 conspectu
1357 4062 1587 4128 Siculae
1616 4063 1867 4129 telluris
1894 4066 1962 4129 in
1994 4064 2199 4128 altum

2444 426 2529 475 (V.

2561 430 2635 477 18.
