3059 4809
665 414 786 476 262
1122 405 1584 468 AENEIDOS
1643 405 1938 466 LfflER
2001 404 2145 465 111.
2450 403 2641 453 v.638.

662 541 741 600 Et
771 533 1027 598 tandem
1058 530 1187 594 laeti
1212 530 1536 594 sociorum
1570 527 1932 594 ulciscimur
1963 529 2246 594 umbras.

760 918 789 948 n
813 887 943 952 Sed
962 885 1199 972 fugite,
1226 907 1267 948 o
1292 884 1542 961 miseri,
1567 883 1770 969 sugite
1784 929 1802 961 ,
1829 899 2026 970 atque
2047 884 2132 948 ab
2152 883 2373 950 littore
2397 885 2629 955 funem

666 1026 990 1113 Rumpite.

668 1170 825 1230 Nam
840 1213 857 1243 ,
886 1162 1089 1252 qualis
1111 1177 1515 1251 quantusque
1539 1145 1697 1227 cavo
1724 1161 2158 1248 Polyphemus
2179 1163 2247 1226 in
2269 1179 2464 1226 antro

664 1305 1003 1390 Lanigeras
1024 1302 1264 1366 claudit
1288 1301 1566 1390 pecudes
1582 1349 1599 1380 ,
1626 1317 1819 1388 atque
1843 1302 2042 1365 ubera
2065 1316 2352 1390 pressat,

671 1447 949 1509 Centum
970 1441 1079 1506 alii
1098 1462 1296 1506 curva
1316 1440 1451 1506 hoec
1472 1440 1770 1507 habitant
1789 1440 1871 1504 ad
1897 1440 2120 1506 littora
2144 1441 2341 1528 vulgo

663 1581 918 1647 Infandi
948 1578 1266 1667 Cyclopes
1283 1626 1300 1656 ,
1330 1593 1396 1642 et
1424 1578 1572 1641 altis
1597 1577 1930 1642 montibus
1959 1592 2206 1641 errant.

665 1721 877 1785 Tertia
898 1723 1033 1805 jam
1063 1719 1230 1784 lunae
1260 1741 1328 1782 se
1358 1739 1602 1783 cornua
1629 1717 1872 1781 lumine
1905 1717 2236 1804 complent
2256 1765 2273 1794 ‚

669 1861 832 1922 Cum
862 1857 1057 1922 vitam
1088 1857 1154 1920 in
1185 1855 1357 1922 silvis
1375 1903 1391 1934 ‚
1418 1856 1591 1920 inter
1619 1855 1870 1918 deserta
1900 1854 2181 1918 ferarum

670 1998 894 2058 Lustra
916 1992 1268 2080 domosque
1294 1993 1479 2058 traho
1498 2041 1515 2072 ‚
1544 2008 1883 2080 vastosque
1905 1994 1989 2056 ab
2011 2015 2174 2080 rupe
2197 1993 2516 2080 Cyclopas

670 2127 1008 2213 Prospicio
1022 2173 1041 2205 ‚
1067 2131 1479 2213 sonitumque
1500 2126 1742 2214 pedum
1764 2149 2122 2212 vocemque
2143 2127 2468 2194 tremisco,

670 2260 928 2327 Victum
958 2262 1281 2328 infelicem
1302 2311 1317 2342 ,
1344 2266 1572 2328 baccas
1594 2312 1611 2343 ‚
1639 2264 2054 2352 lapidosaque
2083 2287 2280 2330 corna
2298 2314 2318 2343 ,

670 2408 842 2469 Dant
871 2403 1064 2480 rami,
1093 2418 1157 2466 et
1187 2401 1381 2466 vulsis
1412 2419 1686 2490 pascunt
1716 2404 2042 2470 radicibus
2069 2406 2309 2469 herbae.

672 2542 911 2607 Omnia
931 2540 1316 2614 collustrans
1334 2588 1350 2619 ,
1379 2542 1546 2605 hanc
1568 2541 1852 2630 primum
1875 2543 1957 2606 ad
1983 2543 2205 2607 littora
2227 2542 2488 2608 classem

674 2679 999 2764 conspexi
1020 2678 1431 2748 venientem:
1458 2679 1610 2746 huic
1633 2703 1738 2746 me
1755 2727 1774 2762 ,
1803 2703 2225 2768 quascumque
2249 2681 2472 2768 fuisset
2491 2727 2512 2758 ,

671 2815 943 2881 Addixi:
974 2817 1123 2882 satis
1151 2832 1247 2880 est
1278 2831 1540 2902 gentem
1573 2817 1870 2904 effugisse
1897 2807 2262 2886 nefandam.

676 2953 805 3014 Vos
827 2971 1101 3014 ammam
1122 2949 1289 3014 hanc
1309 2951 1526 3036 potius
1551 2971 1960 3038 quocumque
1983 2952 2298 3016 absumite
2318 2950 2474 3013 leto.
2508 2978 2540 3005 ι»

765 3201 883 3264 Vix
909 3223 980 3263 ea
1002 3200 1165 3264 fatus
1188 3215 1328 3265 erat
1344 3247 1361 3277 ,
1388 3223 1636 3266 summo
1666 3225 1812 3268 cum
1836 3218 2060 3266 monte
2085 3202 2372 3268 videmus

680 3348 895 3429 Ipsum
924 3344 1099 3416 inter
1128 3343 1407 3436 pecudes
1434 3360 1608 3410 vasta
1636 3367 1702 3410 se
1729 3345 1900 3411 mole
1929 3359 2300 3410 moventem

654 3543 660 3550 .
680 3485 1008 3547 Pastorem
1033 3480 1503 3568 Polyphemum
1520 3529 1539 3562 ‚
1572 3499 1637 3548 et
1657 3483 1879 3550 littora
1901 3500 2058 3550 nota
2078 3497 2411 3571 petentem
2433 3506 2450 3558 ς

682 3624 1039 3685 Monstrum
1050 3620 2160 3708 horrendum,informe‚ingens,cui
2170 3615 2802 3704 lumenademptum.

682 3763 933 3824 Trunca
961 3782 1157 3822 manu
1184 3759 1373 3845 pinus
1404 3762 1572 3846 regit
1603 3774 1667 3824 et
1698 3761 1962 3846 vestigia
1992 3761 2227 3824 firmat.

678 3898 1002 3983 Lanigerae
1035 3898 1423 3962 comitantur
1454 3923 1646 3976 oves;
1676 3921 1747 3961 ea
1777 3898 1911 3962 sola
1942 3897 2240 3982 voluptas
2259 3943 2276 3974 ‚

682 4038 1109 4124 Solamenquc
1140 4037 1325 4102 mali:
1355 4038 1434 4104 tle
1465 4037 1634 4102 collo
1669 4035 1880 4100 fistula
1909 4035 2180 4122 pendet¹
