3059 4809
677 411 803 474 238
1133 414 1604 480 AENEIDOS
1665 419 1958 484 LIBER
2015 424 2150 485 111.
2463 427 2659 486 v.375.

673 549 983 636 Auspiciis
1004 551 1336 615 manifesta
1360 551 1516 616 fides
1539 577 1556 615 ε
1587 554 1678 618 sic
1707 554 1834 620 fata
1863 556 2055 622 deum
2087 583 2200 626 rex

674 689 985 767 Sortitur,
1014 688 1347 774 volvitque
1378 690 1588 763 vices;
1621 691 1674 754 is
1702 694 1983 757 vertitur
2014 697 2202 761 ordo.

672 832 881 891 Pauca
904 825 1023 889 tibi
1046 848 1081 889 e
1105 824 1321 890 multis
1336 873 1355 903 ,
1382 849 1513 912 quo
1549 827 1753 892 tutior
1775 829 2027 917 hospita
2051 830 2284 898 lustres

671 970 950 1050 AEquora
967 1011 984 1042 ,
1014 979 1079 1043 et
1098 963 1381 1027 Ausonio
1409 964 1613 1050 possis
1639 965 1973 1031 considere
1995 985 2196 1055 portu
2213 1017 2232 1049 ‚

669 1103 1017 1190 Expediam
1038 1101 1254 1178 dictis;
1288 1101 1642 1187 prohibent
1671 1125 1820 1168 nam
1843 1121 2056 1170 cetera
2081 1111 2297 1174 Parcae

670 1243 850 1308 Scire
873 1240 1191 1304 Helenum
1212 1286 1229 1317 ,
1257 1238 1505 1324 farique
1528 1253 1704 1302 vetat
1728 1243 2028 1306 Saturnia
2049 1249 2089 1309 J
2095 1267 2250 1310 uno.

668 1380 997 1468 Principio
1016 1426 1036 1458 ,
1074 1377 1319 1442 Italiam
1354 1398 1547 1460 quam
1577 1393 1647 1439 tu
1668 1379 1804 1460 jam
1837 1400 1983 1443 rere
2012 1383 2448 1469 propinquam
2467 1434 2484 1464 ,

666 1519 1087 1604 Vicinosque,
1126 1516 1349 1602 ignare
1366 1561 1385 1594 ,
1419 1537 1608 1604 paras
1637 1514 1944 1581 invadere
1975 1535 2202 1605 portus
2221 1568 2238 1599 ,

664 1661 885 1742 Longa
915 1652 1146 1741 procul
1174 1651 1385 1739 longis
1414 1652 1515 1716 via
1547 1651 1781 1716 dividit
1810 1652 1984 1717 invia
2016 1657 2204 1720 terris
2221 1657 2308 1736 ³³3

664 1800 830 1860 Ante
863 1810 928 1858 et
955 1793 1279 1857 Trinacria
1315 1791 1660 1856 lentandus
1690 1812 1904 1856 remus
1934 1793 2004 1856 in
2035 1794 2232 1873 unda,

663 1936 745 1994 Et
772 1931 917 1994 salis
945 1929 1207 1993 Ausonii
1236 1927 1640 1993 lustrandum
1667 1928 1943 1990 navibus
1975 1950 2217 2014 aequor,

660 2067 1035 2153 Infernique
1066 2067 1271 2145 lacus,
1308 2072 1621 2152 AEaeaeque
1658 2066 1865 2130 insula
1897 2066 2101 2131 Circae
2122 2115 2140 2146 ‚

665 2212 877 2290 Quam
907 2219 1044 2268 tuta
1070 2204 1274 2290 possis
1305 2203 1535 2266 urbem
1566 2227 1959 2290 componere
1991 2221 2186 2269 terra.

665 2347 859 2433 Signa
889 2344 1009 2408 tibi
1036 2343 1245 2407 dicam
1273 2366 1290 2404 ε
1321 2358 1391 2405 tu
1422 2342 1684 2406 condita
1713 2358 1931 2407 mente
1963 2359 2204 2410 teneto.

665 2486 831 2549 Cum
864 2485 983 2550 tibi
1015 2483 1293 2548 sollicito
1324 2483 1558 2547 secreti
1589 2483 1671 2546 ad
1703 2483 1984 2548 fluminis
2017 2485 2252 2550 undam

660 2624 961 2688 Littoreis
988 2623 1217 2709 ingens
1248 2622 1511 2686 inventa
1545 2621 1666 2684 sub
1693 2621 1947 2686 ilicibus
1975 2645 2080 2687 sus
2099 2673 2116 2703 ,

660 2762 948 2847 Triginta
980 2761 1262 2849 capitum
1291 2760 1458 2823 fetus
1492 2758 1716 2834 enixa,
1743 2760 2020 2844 jacebit,

661 2898 821 2962 Alba
845 2946 861 2978 ,
894 2898 1031 2962 solo
1064 2899 1416 2974 recubans,
1450 2897 1583 2960 albi
1612 2897 1854 2963 circum
1886 2900 2086 2964 ubera
2116 2902 2284 2964 nati:

660 3042 721 3102 Is
750 3039 931 3104 locus
961 3039 1137 3103 urbis
1168 3039 1329 3113 erit;
1365 3038 1622 3124 requies
1655 3060 1729 3102 ea
1759 3053 1937 3102 certa
1964 3039 2284 3104 laborum.

662 3183 792 3244 Nec
829 3195 901 3243 tu
933 3200 1293 3242 mensarum
1326 3200 1576 3242 morsus
1605 3177 1910 3241 horresce
1940 3177 2226 3242 futuros:

663 3323 813 3382 Fata
844 3317 1008 3383 viam
1035 3316 1398 3392 invenient,
1438 3315 1775 3402 aderitque
1806 3331 2069 3379 vocatus
2101 3316 2356 3403 Apollo.

663 3462 790 3520 Has
817 3473 1030 3521 autem
1060 3470 1263 3518 terras
1284 3499 1303 3532 ,
1335 3452 1613 3540 Italique
1644 3454 1808 3517 hane
1839 3452 2077 3518 littoris
2109 3478 2288 3518 oram

662 3595 961 3659 Proxima
994 3615 1136 3679 quae
1163 3591 1373 3660 nostri
1400 3592 1815 3679 perfunditur
1843 3594 2119 3679 aequoris
2147 3609 2360 3672 aestu„

658 3729 921 3815 Effuge3
957 3744 1187 3793 cuncta
1217 3728 1397 3793 malis
1430 3729 1805 3793 habitantur
1837 3731 2070 3794 moenia
2103 3731 2342 3794 Graiis-

660 3867 778 3929 Hic
808 3881 873 3929 et
905 3867 1159 3952 Narycii
1191 3883 1547 3952 posuerunt
1576 3867 1810 3931 moenia
1839 3869 2064 3945 Locri,

657 4007 737 4066 Et
769 4004 1133 4070 Salentinos
1164 4004 1414 4069 obsedit
1446 4006 1648 4070 milite
1684 4029 1941 4090 campos
