3059 4809
608 420 727 481 140
1090 420 1556 501 AENEIDOS
1618 421 1914 482 LIBER
1970 422 2062 482 11.
2343 418 2530 477 v·¹67·

598 543 991 629 Corripuere
1012 565 1253 607 sacram
1276 544 1555 629 effigiem
1569 590 1587 621 ,
1613 545 2034 630 manibusque
2067 544 2351 607 cruentis

593 680 927 767 Virgineas
952 683 1087 745 ausi
1113 681 1275 746 divae
1302 680 1685 767 contingere
1715 682 1944 757 vittas;

591 820 688 881 Ex
714 817 827 881 illo
860 818 1058 882 fluere
1090 841 1164 882 ac
1194 833 1374 883 retro
1409 818 1708 905 sublapsa
1739 820 1972 883 referri

592 957 752 1041 Spes
773 957 1067 1019 Danaum
1082 1004 1098 1028 ‚
1128 956 1344 1019 fractae
1367 957 1568 1035 vires,
1597 980 1816 1022 aversa
1839 958 1974 1022 deae
2006 981 2209 1023 mens·

590 1094 645 1155 N
649 1114 722 1155 ec
742 1091 955 1157 dubiis
975 1115 1049 1157 ea
1072 1093 1254 1183 signa
1272 1093 1454 1157 dedit
1474 1094 1766 1159 Tritonia
1785 1097 2094 1161 monstris
2115 1122 2132 1160 :
2201 1166 2206 1171 ,

592 1231 711 1296 Vix
732 1232 1015 1320 positum
1038 1233 1259 1298 castris
1280 1234 1692 1299 simulacrum
1710 1283 1728 1314 ,
1757 1256 1972 1300 arsere
1995 1258 2275 1323 coruscae

592 1370 966 1437 Luminibus
989 1372 1253 1438 flammae
1276 1374 1544 1437 arrectis
1561 1421 1580 1453 ,
1606 1375 1934 1462 salsusque
1955 1398 2076 1463 per
2098 1392 2274 1439 artus

595 1509 809 1574 Sudor
836 1509 945 1583 iit;
977 1524 1204 1595 terque
1233 1510 1373 1597 ipsa
1406 1510 1547 1575 solo
1571 1511 1911 1598 (mirabile
1942 1513 2121 1577 dictu
2145 1514 2166 1600 )

592 1649 866 1713 Emicuit
880 1697 897 1728 ,
924 1672 1339 1737 parmamque
1362 1650 1582 1715 ferens
1602 1650 1978 1737 hastamque
2001 1666 2410 1717 trementem.

597 1788 929 1875 Extemplo
953 1789 1261 1853 tentanda
1280 1789 1431 1875 fuga
1450 1788 1626 1853 canit
1645 1812 1906 1875 aequora
1929 1789 2197 1854 Calchas
2213 1836 2230 1867 ,

594 1930 723 1989 Nec
751 1950 936 2013 posse
965 1928 1279 2015 Argolicis
1310 1928 1594 1992 exscindi
1622 1933 1932 2014 Pergama
1963 1928 2108 1991 telis
2129 1975 2146 2004 ,

593 2062 834 2127 Omina
859 2086 928 2126 m
956 2080 1254 2151 repetant
1284 2067 1468 2152 Argis
1485 2115 1502 2144 ‚
1528 2089 1900 2153 numenque
1932 2066 2241 2130 reducant

595 2199 791 2284 Quod
816 2199 1046 2289 pelago
1078 2214 1144 2263 et
1172 2201 1386 2265 curvis
1414 2224 1632 2265 secum
1661 2170 1931 2268 avexere
1961 2202 2217 2265 carinis-

592 2346 673 2405 Et
693 2364 868 2404 nunc
883 2389 901 2420 ,
936 2342 1113 2428 quod
1134 2342 1373 2429 patrias
1394 2358 1593 2408 vento
1619 2344 1868 2430 petiere
1888 2347 2186 2430 Mycenas
2203 2390 2220 2420 ‚

594 2483 787 2543 Arma
808 2479 1091 2565 deosque
1114 2495 1347 2567 parant
1364 2480 1666 2557 comites3
1692 2480 2050 2566 pelagoque
2075 2502 2370 2542 remenso

593 2612 932 2706 Improvisi
960 2620 1274 2685 aderunt:
1302 2620 1388 2684 ita
1421 2621 1660 2707 digerit
1690 2621 1905 2684 omina
1934 2618 2221 2683 Calcha&

594 2766 773 2826 Hanc
794 2810 811 2841 ,
837 2786 959 2850 pro
990 2762 1310 2842 Palladio,
1337 2762 1607 2839 moniti,
1635 2784 1760 2849 pro
1792 2762 2057 2825 numine
2085 2761 2234 2823 laeso
2255 2808 2272 2837 ,

591 2899 883 2985 Effigiem
911 2917 1191 2965 statuere
1208 2948 1225 2979 ,
1252 2901 1429 2965 nefas
1456 2922 1598 2986 quae
1624 2899 1809 2963 triste
1839 2898 2072 2984 piaret.

593 3043 775 3102 Hanc
796 3052 1010 3102 tamen
1032 3039 1405 3103 immensam
1422 3036 1697 3100 Calchas
1721 3035 2025 3099 attollere
2045 3034 2282 3099 molem

593 3174 963 3239 Roboribus
992 3175 1181 3239 textis
1201 3222 1217 3252 ,
1248 3175 1546 3260 coeloque
1573 3174 1848 3237 educere
1869 3220 1886 3251 ‚
1911 3173 2102 3257 jussit
2120 3220 2137 3249 ,

596 3318 688 3377 Ne
718 3314 922 3400 recipi
949 3314 1155 3399 portis
1180 3329 1291 3376 aut
1319 3313 1469 3376 duci
1496 3314 1567 3376 in
1597 3312 1831 3376 moenia
1861 3312 2098 3397 possit,

594 3456 733 3515 Neu
758 3451 1071 3539 populum
1100 3451 1361 3535 antiqua
1392 3450 1514 3513 sub
1549 3450 1888 3537 relligione
1921 3448 2128 3512 tueri:

595 3596 753 3654 Nam
784 3592 836 3654 si
867 3604 1078 3655 vestra
1107 3612 1330 3655 manus
1359 3588 1663 3653 violasset
1688 3589 1862 3657 dona
1891 3589 2194 3653 Minervae
2211 3634 2229 3665 ‚

590 3738 751 3796 Tum
773 3752 1077 3818 magnum
1100 3730 1363 3795 exitium
1387 3731 1608 3818 (quod
1630 3731 1696 3795 di
1713 3731 1892 3818 prius
1915 3753 2110 3795 omen
2131 3729 2198 3793 in
2223 3730 2429 3814 ipsum

597 3868 1031 3931 Convertant!
1058 3865 1079 3950 )
1102 3865 1338 3929 Priami
1362 3868 1638 3955 imperio
1662 3868 2156 3954 Phrygibusque
2181 3866 2469 3928 futurum
2496 3888 2512 3934 ς

594 4007 708 4085 Sin
730 4008 1024 4071 manibus
1050 4007 1274 4072 vestris
1300 4022 1574 4071 vestram
1598 4005 1982 4072 ascendisset
2006 4005 2072 4066 in
2099 4004 2325 4066 urbem
2347 4046 2366 4081 ,
