3059 4809
721 493 800 553 54
1235 491 1700 555 AENEIDOS
1760 491 2052 554 LIBER
2111 495 2163 554 1.
2523 509 2577 541 v·
2612 492 2699 551 ⁵7·

710 636 1052 694 Luctantes
1075 644 1304 694 ventos
1325 642 1864 714 tempestatesque
1886 618 2153 693 sonoras
2176 630 2229 667 ¹³

708 768 990 855 Imperio
1012 767 1252 855 premit
1267 814 1285 848 ‚
1310 790 1383 831 ac
1405 767 1634 831 vinclis
1656 783 1721 832 et
1744 778 2002 832 carcere
2025 768 2260 831 frenat.

625 904 632 909 ’
705 905 806 969 Illi
825 904 1236 992 indignantes
1256 928 1491 993 magno
1517 929 1665 971 cum
1686 928 2016 971 murmure
2040 903 2281 968 montis

709 1046 970 1111 Circum
993 1045 1266 1111 claustra
1285 1046 1597 1110 fremunt.
1628 1045 1813 1109 Celsa
1832 1043 2014 1109 sedet
2034 1043 2253 1107 AEolus
2274 1065 2419 1107 arce
2438 1084 2458 1120 ‚

705 1186 976 1271 Sceptra
997 1199 1256 1265 temne,
1284 1184 1625 1278 mollitque
1646 1184 1891 1249 animos
1908 1231 1931 1264 ,
1954 1200 2021 1248 et
2040 1198 2361 1269 temperat
2382 1182 2499 1245 iras
2529 1206 2551 1244 ε

706 1323 785 1386 Ni
805 1324 995 1388 faciat
1009 1371 1030 1403 ‚
1060 1326 1295 1405 maria,
1321 1348 1394 1389 ac
1416 1339 1623 1391 terras
1638 1373 1656 1404 ,
1685 1324 2048 1411 coelumque·
2068 1322 2463 1411 profundum

710 1464 971 1553 Quippe
993 1464 1205 1532 ferant
1224 1464 1432 1553 rapidi
1452 1487 1669 1529 secum
1690 1512 1708 1544 ‚
1735 1480 2127 1550 verrantque
2153 1486 2274 1554 per
2294 1486 2495 1529 auras.

708 1604 838 1667 Sed
859 1619 1044 1690 pater
1065 1604 1478 1691 omnipotens
1499 1604 1826 1695 speluncis
1846 1603 2095 1669 abdidit
2117 1604 2273 1666 atris
2288 1649 2309 1679 ‚

708 1744 848 1805 Hoc
871 1756 1164 1807 metuens
1191 1766 1210 1805 ε
1235 1742 1695 1829 molemqueet
1714 1756 1969 1806 montes
1992 1744 2259 1828 insuper
2283 1740 2447 1805 altos

709 1880 1021 1968 Imposuit
1042 1875 1440 1968 3‘Yegemque
1461 1881 1643 1946 dedit
1661 1929 1678 1960 ,
1705 1881 1819 1967 qui
1838 1880 2080 1944 foedere
2102 1888 2283 1943 certo

708 2019 794 2079 Et
818 2039 1115 2102 premere
1135 2064 1153 2095 ‚
1184 2034 1250 2081 et
1271 2018 1442 2083 laxas
1463 2020 1658 2084 sciret
1680 2018 1833 2084 dare
1852 2021 2065 2104 jussus
2084 2018 2391 2082 habenas-

711 2154 812 2218 Ad
834 2176 1028 2240 quem
1053 2171 1192 2219 tum
1212 2162 1385 2220 Juno
1409 2156 1681 2244 supplex
1701 2158 1800 2221 his
1819 2158 2087 2222 ‘vocibus
2109 2180 2219 2221 usa
2244 2172 2381 2220 est:

805 2766 832 2797 α
865 2737 1044 2804 AEole
1067 2742 1090 2827 (
1110 2762 1392 2827 namque
1413 2739 1536 2805 tibi
1554 2742 1777 2807 divum
1800 2755 1985 2828 pater
2007 2752 2201 2828 atque
2223 2741 2556 2805 hominum
2577 2758 2686 2801 rex

709 2878 790 2969 Et
810 2881 1096 2945 mulcere
1117 2879 1297 2944 dedit
1319 2880 1553 2944 fluctus
1568 2927 1585 2958 ,
1615 2895 1681 2944 et
1702 2879 1935 2945 tollere
1956 2880 2263 2967 ventos),

712 3021 889 3083 Gens
907 3020 1166 3083 inimica
1186 3019 1345 3082 mihi
1365 3018 1775 3105 Tyrrhenum
1796 3018 2057 3106 navigat
2081 3042 2303 3106 aequor
2316 3069 2334 3098 ,

704 3154 893 3221 Ilium
913 3156 984 3220 in
1006 3156 1253 3221 Italiam
1275 3173 1546 3244 portans
1569 3206 1586 3231 ‚
1618 3158 1951 3244 victosque
1974 3162 2250 3223 Penates
2278 3183 2294 3222 ε

703 3298 930 3357 Incute
939 3296 1086 3360 ‘vim
1105 3296 1318 3362 ventis
1335 3344 1354 3377 ,
1381 3298 1871 3384 submersasque
1902 3298 2109 3361 obrue
2130 3320 2380 3385 puppes
2398 3344 2417 3375 ,

704 3438 834 3498 Aut
853 3455 972 3519 age
995 3433 1279 3500 diversas
1297 3482 1315 3513 ‚
1345 3450 1410 3498 et
1430 3433 1653 3517 disjice
1678 3456 1955 3521 corpora
1975 3452 2207 3522 ponto.

645 3592 653 3601 ·
706 3576 875 3638 Sunt
895 3572 1053 3637 mihi
1072 3574 1173 3637 bis
1192 3588 1439 3661 septem
1461 3575 1795 3661 praestanti
1822 3597 2099 3662 corpore
2123 3576 2433 3663 Nymphae
2452 3620 2469 3655 ,

705 3714 998 3795 Quarum
1019 3758 1038 3791 ‚
1068 3734 1209 3797 quae
1229 3712 1434 3777 forma
1457 3712 1896 3801 pulcherrima
1914 3763 1931 3794 ,
1960 3716 2337 3803 Deiopeiam

707 3849 1054 3915 Connubio
1067 3853 1338 3937 jungam
1361 3854 1575 3917 stabili
1597 3903 1615 3932 ,
1642 3856 2105 3942 propriamque
2128 3855 2356 3919 dicabo
2380 3882 2396 3931 ;

703 3989 948 4053 Omnes
971 4004 1044 4053 ut
1066 4006 1280 4055 tecum
1301 3993 1549 4056 meritis
1569 4016 1693 4080 pro
1716 3994 1949 4057 talibus
1970 4016 2177 4057 annos

699 4126 924 4215 Exigat
939 4176 956 4207 ‚
985 4145 1049 4193 et
1071 4128 1341 4217 pulchra
1363 4131 1555 4196 faciat
1578 4147 1642 4196 te
1666 4131 1852 4219 prole
1877 4148 2237 4218 parentem.
2276 4164 2303 4193 n
