3059 4809
705 449 788 509 90
1206 439 1680 503 AENEIDos
1741 439 2031 501 LlBER
2074 440 2148 499 ·1.
2484 456 2535 507 ν,
2562 447 2669 497 471.

699 602 832 659 Hac
859 595 1158 680 fugerent
1187 590 1403 670 Graii,
1429 604 1760 675 premeret
1778 590 2055 673 Trojana
2066 590 2436 673 juventus3'

698 739 830 796 Hac
858 732 1148 817 Phryges
1173 776 1190 807 ,
1216 729 1484 793 instaret
1512 750 1711 793 curru
1733 726 2029 791 cristatus
2051 725 2354 791 Achilles.

698 878 829 937 Nec
856 869 1089 958 procul
1113 870 1264 933 hinc
1287 868 1482 931 Rhesi
1508 866 1713 932 niveis
1743 864 2026 929 tentoria
2059 865 2217 930 velis

697 999 1005 1086 Agnoscit
1032 1000 1390 1083 lacrymans
1409 1044 1426 1075 ,
1457 996 1671 1082 primo
1696 1018 1837 1081 quae
1857 994 2116 1081 prodita
2138 1018 2367 1064 somno

697 1137 971 1225 Tydides
999 1135 1202 1200 multa
1222 1135 1508 1201 vastabat
1534 1133 1707 1199 caede
1731 1147 2077 1209 cruentus3

699 1273 1146 1357 Ardentesque
1167 1274 1404 1335 avertit
1423 1290 1627 1355 equos
1652 1269 1722 1333 in
1746 1284 1951 1333 castra
1970 1315 1987 1347 ,
2016 1268 2390 1355 priusquam

637 1494 648 1517 x
698 1408 952 1473 Pabula
970 1422 1326 1494 gustassent
1353 1408 1594 1490 Trojae,
1624 1404 2079 1489 Xanthumque
2104 1406 2445 1470 bibissent.

699 1551 894 1609 Parte
927 1545 1048 1608 alia
1071 1544 1323 1633 fugiens
1344 1544 1587 1608 amissis
1614 1542 1867 1606 Tro'i‘lus
1888 1542 2110 1619 armiS,

696 1683 924 1746 Infelix
952 1705 1138 1769 puer,
1175 1698 1368 1769 atque
1388 1682 1598 1770 impar
1622 1702 1999 1767 congressus
2022 1680 2257 1745 Achilli
2276 1729 2293 1760 ,

697 1829 932 1888 Fertur
959 1822 1142 1907 equis
1163 1869 1180 1899 ‚
1217 1842 1545 1906 curruque
1570 1820 1772 1885 haeret
1794 1820 2138 1904 resupinus
2158 1820 2333 1886 inani
2354 1866 2371 1897 ,

699 1968 866 2027 Lora
894 1977 1124 2025 tenens
1153 1976 1406 2024 tamen:
1441 1961 1593 2024 huic
1624 1960 1970 2044 cervixque
2000 1980 2329 2045 comaeque
2355 1960 2702 2023 trahuntur

699 2098 828 2157 Per
850 2108 1090 2158 terram
1111 2141 1128 2170 ,
1167 2109 1232 2157 et
1260 2116 1444 2159 versa
1473 2095 1688 2180 pulvis
1716 2094 2091 2158 inscribitur
2116 2094 2317 2157 hasta.

699 2234 952 2294 Interea
973 2230 1054 2294 ad
1077 2230 1393 2319 templum
1415 2253 1553 2295 non
1580 2255 1774 2319 aequae
1799 2231 2075 2297 Palladis
2099 2232 2282 2297 ibant

699 2368 1000 2433 Crinibus
1029 2368 1260 2433 Iliades
1279 2369 1478 2455 passis
1497 2416 1514 2446 ,
1548 2369 1943 2457 peplumque
1972 2370 2271 2435 ferebam

697 2506 1088 2591 Suppliciter
1112 2507 1326 2571 tristes
1349 2554 1367 2587 ,
1399 2523 1470 2571 et
1492 2522 1699 2571 tunsae
1721 2523 1987 2594 pectora
2010 2508 2269 2595 palmis:

696 2644 858 2708 Diva
879 2645 1019 2708 solo
1042 2644 1202 2708 fixos
1227 2644 1448 2709 oculos
1471 2666 1691 2709 aversa
1712 2646 2002 2735 tenebat.

694 2785 818 2844 Ter
839 2782 1083 2845 circum
1106 2780 1333 2845 Iliacos
1357 2796 1726 2866 raptaverat
1750 2784 2031 2845 Hectora
2052 2805 2273 2845 muros
2292 2830 2307 2860 ,

694 2922 1197 3006 Exanimumque
1221 2943 1379 2985 auro
1405 2942 1643 3006 corpus
1666 2920 1989 2986 vendebat
2010 2920 2311 2987 Achilles.

693 3064 854 3123 Tum
878 3083 1032 3124 vero
1056 3062 1389 3145 ingentem
1411 3060 1724 3143 gemitum
1744 3059 1857 3123 dat
1877 3074 2147 3146 pectore
2168 3060 2253 3125 ab
2274 3060 2404 3125 imo
2425 3107 2441 3136 ‚

695 3201 782 3262 Ut
805 3197 1007 3283 spolia
1026 3245 1043 3275 ,
1071 3212 1145 3262 ut
1169 3220 1401 3261 currus
1416 3245 1433 3274 ‚
1462 3213 1665 3283 utque
1687 3198 1899 3283 ipsum
1921 3220 2157 3283 corpus
2178 3197 2398 3275 amici,

695 3334 1222 3421 Tendentemque
1245 3356 1472 3398 manus
1495 3334 1826 3397 Priamum
1848 3334 2189 3419 conspexit
2209 3318 2509 3398 inermeS.

698 3472 780 3534 Se
805 3493 1064 3557 quoque
1085 3471 1492 3559 principibus
1513 3470 1907 3557 permixtum
1930 3470 2195 3557 agnovit
2216 3470 2471 3534 Achivis
2487 3517 2509 3547 .‚

697 3612 985 3696 ansque
1013 3610 1178 3673 acies
1197 3659 1216 3690 ,
1245 3625 1310 3673 et
1330 3610 1504 3694 nigri
1530 3609 1891 3675 Memnonis
1912 3632 2111 3675 arma.

695 3747 889 3809 Ducit
908 3746 1371 3811 Amazonidum
1393 3746 1629 3813 lunatis
1653 3746 1907 3832 agmina
1928 3746 2121 3833 peltis

694 3882 1095 3945 Penthesilea
1117 3882 1340 3946 furens
1364 3931 1380 3960 ‚
1415 3882 1773 3969 mediisque
1797 3883 1867 3946 in
1890 3882 2175 3947 millibus
2192 3884 2382 3959 'ardet
2399 3931 2415 3960 ‚

693 4022 901 4082 Aurea
924 4021 1310 4083 subnectens
1339 4036 1601 4083 exsertae
1629 4022 1886 4105 cingula
1910 4045 2197 4084 mammae
