3059 4809
637 398 757 458 142
1117 396 1588 458 AENEIDOS
1650 396 1943 457 LIBER
2001 397 2095 456 ΙΙ.
2389 398 2570 455 v-193·

624 522 809 585 Ultro
842 521 1053 583 Asiam
1083 543 1319 606 magno
1353 521 1638 608 Pelopea
1666 521 1747 585 ad
1773 521 2008 585 moenia
2035 521 2213 584 bello

624 660 979 720 Venturam
1001 703 1016 732 ,
1054 670 1120 718 et
1152 671 1411 718 nostros
1440 678 1514 718 ea
1545 656 1674 718 fata
1704 678 1964 720 manere
1997 674 2295 743 nepotes.
2343 688 2370 717 »

716 792 969 855 Talibus
994 792 1267 871 insidiis,
1296 794 1674 880 perjurique
1695 809 1835 858 arte
1862 796 2120 859 Sinonis

628 930 891 993 Credita
918 952 1053 1008 res;
1085 932 1383 1018 captique
1406 931 1573 995 dolis
1590 980 1606 1010 ,
1642 933 2064 1018 lacrymisque
2088 935 2324 997 coactis
2345 984 2361 1014 ,

628 1070 810 1149 Quos
830 1088 1044 1151 neque
1067 1067 1345 1153 Tydides
1364 1112 1385 1147 ,
1413 1091 1538 1133 nec
1561 1070 1894 1133 Larissaeus
1916 1069 2191 1136 Achilles
2210 1118 2227 1147 ‚

624 1208 769 1268 Non
797 1204 953 1268 anniv
979 1205 1289 1269 domuere
1318 1205 1542 1269 decem
1563 1253 1580 1284 ,
1612 1229 1750 1271 non
1779 1208 1956 1271 mille
1986 1211 2240 1273 carinae.

712 1344 833 1408 Hic
854 1343 1029 1407 aliud
1051 1346 1171 1428 maj
1180 1366 1253 1407 us
1273 1344 1522 1407 miseris
1547 1345 1884 1432 multoque
1909 1349 2320 1413 tremendum
2335 1351 2356 1391 ⁷

627 1482 953 1565 Objicitur
975 1482 1176 1568 magis
1192 1528 1209 1559 ,
1238 1496 1434 1566 atque
1457 1482 1823 1569 improvida
1843 1501 2110 1570 pectora
2134 1487 2376 1551 turbat.

625 1626 926 1687 Laocoon
946 1670 962 1701 ‚
995 1622 1227 1687 ductus
1259 1625 1565 1708 Neptuno
1597 1636 1772 1685 sorte
1805 1624 2102 1689 sacerdos
2122 1674 2138 1704 ,

628 1759 968 1823 Solemnes
995 1774 1253 1821 taurum
1282 1758 1621 1843 ingentem
1647 1760 1968 1823 mactabat
1995 1761 2078 1825 ad
2105 1783 2266 1825 aras,

626 1900 791 1960 Ecce
813 1912 1027 1960 autem
1053 1897 1293 1982 gemini
1306 1918 1352 1994 ‘a
1374 1896 1638 1960 Tenedo
1661 1896 2007 1980 tranquilla
2032 1920 2151 1983 per
2173 1898 2300 1962 alta

628 2036 649 2119 (
672 2038 995 2097 Horresco
1012 2036 1037 2073 ⁸
1062 2035 1393 2121 referens)
1419 2036 1745 2098 immensis
1769 2036 2037 2107 orbibus
2059 2060 2298 2123 angues

628 2172 1022 2235 Incumbunt
1045 2138 1275 2258 pelago
1291 2172 1343 2250 9,
1370 2174 1748 2260 pariterque
1773 2174 1853 2237 ad
1880 2174 2102 2237 littora
2128 2175 2439 2253 tendunt3

628 2316 902 2374 Pectora
933 2333 1212 2395 quorum
1240 2311 1414 2374 inter
1442 2311 1676 2375 fluctus
1711 2328 1965 2376 arrecta
1984 2314 2286 2399 jubaeque
2307 2318 2361 2352 ¹⁰

632 2452 1010 2537 Sanguineae
1036 2467 1419 2537 exsuperant
1444 2451 1682 2528 undas;
1715 2474 1864 2538 pars
1889 2467 2118 2516 caetera
2138 2468 2417 2538 pontum

631 2592 814 2650 Pone
841 2587 1000 2673 legit
1018 2633 1035 2663 ,
1065 2586 1451 2672 sinuantque
1474 2589 1782 2651 iminensa
1811 2589 2132 2652 volumine
2154 2603 2360 2675 terga.

631 2729 732 2791 Fit
754 2728 1003 2791 sonitus
1024 2752 1040 2802 ;
1071 2741 1411 2813 spumante
1436 2726 1569 2789 salo
1595 2752 1611 2788 z
1630 2728 1896 2812 jamque
1918 2710 2070 2790 arva
2095 2728 2441 2807 tenebant;

634 2866 1078 2953 Ardentesque
1108 2867 1330 2931 oculos
1362 2867 1616 2930 suffecti
1645 2866 1954 2952 sanguine
1985 2882 2050 2929 et
2083 2868 2254 2953 igni,

634 3004 835 3093 Sibila
864 2974 1236 3069 lambebant
1266 3006 1501 3091 linguis
1531 3005 1942 3069 vibrantibus
1973 3028 2111 3068 ora.

632 3142 1020 3228 Diffugimus
1046 3143 1190 3209 visu
1220 3166 1593 3230 exsangues.
1629 3143 1734 3207 Illi
1762 3144 2016 3229 agmine
2046 3159 2228 3208 certo

631 3288 999 3346 Laocoonta
1026 3299 1297 3369 petunt3
1334 3298 1399 3346 et
1433 3283 1716 3369 primum
1752 3304 1950 3369 parva
1979 3282 2258 3346 duorum

638 3420 931 3506 Corpora
963 3436 1267 3485 natorum
1297 3442 1562 3505 serpens
1590 3419 1921 3506 amplexus
1948 3434 2226 3505 uterque

635 3558 929 3642 Implicat
944 3604 963 3637 ,
992 3576 1057 3621 et
1086 3561 1353 3623 miseros
1382 3582 1606 3623 morsu
1635 3560 2002 3645 depascitur
2034 3575 2232 3625 artus.

632 3698 825 3772 Post,
851 3694 1093 3780 ipsum,
1123 3694 1358 3759 auxilio
1382 3696 1768 3759 subeuntem
1792 3718 1864 3758 ac
1885 3694 2017 3758 tela
2042 3695 2358 3760 ferentem
2383 3745 2398 3773 ,

638 3833 1021 3919 Corripiunt
1038 3879 1054 3909 ,
1083 3833 1396 3920 spirisque
1420 3835 1626 3919 ligant
1645 3834 2019 3919 ingentibus
2037 3882 2053 3911 ,
2082 3850 2146 3896 et
2163 3836 2296 3918 jam
2317 3837 2364 3871 ¹¹

633 3971 737 4033 Bis
759 3971 1040 4035 medium
1064 3971 1369 4056 amplexi,
1401 3972 1499 4035 bis
1524 3972 1699 4035 collo
1724 3995 2021 4057 squamea
2047 3972 2289 4034 circum
