3059 4809
1178 658 1754 780 LIBER
1840 659 2098 780 III.

1539 973 1677 981 ————

718 1243 747 1272 ι»
769 1219 1121 1300 Postquam
1148 1235 1252 1276 res
1282 1216 1443 1277 Asiae
1469 1213 1841 1300 Priamique
1869 1230 2161 1278 evertere
2193 1231 2452 1302 gentem
2475 1219 2494 1254 ¹

617 1352 1009 1416 Immeritam
1040 1352 1244 1416 visum
1277 1352 1542 1438 Superis
1563 1399 1580 1430 ,
1618 1352 1978 1438 ceciditque
2009 1354 2360 1440 superbum

615 1491 803 1554 Ilium
824 1539 841 1570 ,
876 1506 942 1554 et
969 1490 1178 1555 omnis
1206 1489 1402 1554 humo
1435 1491 1639 1554 fumat
1669 1491 1990 1578 Neptunia
2019 1493 2205 1575 Troja
2225 1538 2242 1569 ‚

613 1631 882 1696 Diversa
914 1632 1130 1695 exsilia
1162 1647 1227 1694 et
1256 1631 1545 1695 desertas
1573 1654 1860 1718 quaerere
1893 1647 2094 1695 terras

612 1771 914 1856 Auguriis
942 1772 1191 1857 agimur
1222 1771 1481 1849 divum3
1520 1772 1912 1859 classemque
1943 1772 2064 1834 sub
2094 1772 2228 1858 ipsa
2251 1771 2278 1809 2

610 1909 949 1973 Antandro
980 1924 1045 1981 et
1075 1910 1375 1996 Phrygiae
1405 1910 1710 1974 molimur
1742 1909 2070 1973 montibus
2097 1909 2224 1972 ldae
2243 1956 2260 1985 ‚

610 2045 854 2108 Incerti
885 2068 1016 2131 quo
1048 2047 1177 2110 fata
1210 2049 1459 2126 ferant,
1498 2048 1610 2111 ubi
1639 2049 1862 2112 sistere
1893 2047 2084 2111 detur
2109 2047 2170 2122 ³3

610 2181 1197 2270 Contrahimusque
1231 2185 1424 2250 viros·
1462 2186 1585 2249 Vix
1615 2187 1823 2273 prima
1854 2201 2182 2271 inceperat
2209 2199 2384 2248 aestas
2403 2231 2421 2263 ,

605 2323 686 2382 Et
716 2336 903 2407 pater
932 2320 1239 2384 Anchises
1268 2320 1421 2384 dare
1447 2322 1596 2385 fatis
1628 2323 1769 2387 vela
1794 2323 2101 2407 jubebat3

603 2460 847 2523 Littora
879 2482 1026 2523 cum
1056 2458 1280 2544 patriae
1310 2458 1670 2544 lacrymans
1701 2475 2057 2546 portusque
2088 2459 2386 2546 relinquo
2414 2461 2440 2498 ⁴
2462 2505 2479 2536 ,
2569 2522 2574 2528 .

602 2599 682 2661 Et
712 2620 971 2685 campos
1002 2597 1114 2660 ubi
1141 2598 1331 2700 'ssroja
1359 2595 1481 2659 fuit
1506 2596 1532 2634 ⁵
1562 2620 1578 2657 ε
1615 2596 1794 2658 feror
1824 2596 2003 2660 exsul
2034 2597 2101 2659 in
2135 2596 2334 2660 altum

606 2734 771 2797 Cum
803 2737 989 2800 sociis
1008 2783 1023 2813 ‚
1059 2751 1342 2820 natoque
1364 2783 1380 2812 ‚
1416 2734 1768 2798 Penatibus
1790 2780 1807 2811 ,
1847 2748 1913 2797 et
1946 2733 2192 2819 magnis
2219 2731 2319 2795 dis
2342 2730 2392 2792 ⁶.

686 3392 881 3451 Terra
908 3388 1139 3473 procul
1170 3403 1361 3451 vastis
1395 3389 1633 3454 colitur
1667 3393 1976 3455 Mavortia
2009 3392 2247 3480 campis
2265 3441 2282 3471 ,

594 3519 869 3593 Thraces
900 3544 1085 3592 arant
1104 3577 1119 3607 ,
1158 3530 1289 3594 acri
1322 3529 1649 3615 quondam
1685 3549 1951 3618 regnata
1974 3539 2306 3620 Lycurg03

599 3667 960 3754 Hospitium
990 3665 1327 3753 antiquum
1358 3669 1564 3750 Trojae
1585 3715 1603 3746 ‚
1640 3670 2223 3761 sociique-Penates
2242 3719 2258 3748 ,

508 3877 515 3880 ,
594 3815 768 3872 Dum
795 3808 1058 3870 fortuna
1088 3805 1232 3868 fuit.
1269 3807 1472 3870 Feror
1501 3806 1629 3870 huc
1651 3854 1668 3884 ,
1705 3822 1770 3870 et
1802 3807 2022 3871 littore
2052 3831 2252 3872 curvo

592 3944 825 4008 Moenia
855 3942 1062 4030 prima
1093 3942 1237 4005 loco
1261 3990 1278 4020 ‚
1315 3945 1458 4008 fatis
1486 3945 1810 4030 ingressus
1841 3947 2077 4032 iniquis
2105 3971 2120 4008 ε

591 4079 1025 4164 AEneadasque
1055 4101 1200 4142 meo
1234 4104 1475 4144 nomen
1506 4081 1589 4145 de
1620 4084 1884 4147 nomine
1915 4085 2089 4170 fingo
2118 4085 2166 4147 ⁷.
