3059 4809
617 455 745 518 258
1082 437 1548 508 AENEIDOS
1612 435 1905 501 LIBER
1963 434 2106 497 111.
2355 425 2544 489 v.595.

614 581 698 644 Et
727 574 1051 664 quondam
1082 570 1305 659 patriis
1332 568 1415 632 ad
1445 529 1704 649 Trojam
1731 562 1959 626 missus
1983 559 2054 622 in
2079 557 2294 622 armis.

614 721 803 802 Isque
832 712 946 778 ubi
976 709 1334 775 Dardanios
1360 705 1618 770 habitus
1648 717 1716 768 et
1741 705 1930 766 Troia
1959 683 2122 765 vidit'

616 857 810 920 Arma
830 849 1061 940 procul
1076 895 1094 927 ‚
1119 846 1383 935 paulum
1404 843 1715 932 adspectu
1736 836 2128 905 conterritus
2145 833 2328 899 haesit
2342 882 2359 913 ‚

612 990 1083 1075 Continuitque
1104 985 1377 1074 gradum
1394 1009 1412 1058 ς
1444 1005 1598 1046 mox
1617 1003 1752 1046 sese
1774 980 1857 1046 ad
1877 979 2100 1044 littora
2121 998 2412 1065 praeceps

614 1131 782 1195 Cum
809 1129 968 1192 fletu
998 1124 1433 1213 precibusque
1464 1119 1657 1184 tulit:
1689 1146 1718 1176 ιι
1742 1122 1873 1182 Per
1899 1117 2108 1182 sidera
2133 1131 2362 1194 testor,

614 1273 743 1333 Per
775 1285 1044 1354 superos
1063 1311 1082 1341 ,
1108 1277 1303 1348 atque
1334 1260 1460 1323 hoc
1491 1257 1640 1322 coeli
1666 1256 1970 1344 spirabile
1998 1256 2220 1321 lumen
2239 1304 2256 1334 ,

612 1405 846 1472 Tollite
868 1425 970 1468 me
990 1449 1008 1480 ‚
1033 1399 1263 1465 Teucri
1283 1425 1300 1476 ;
1330 1418 1764 1484 quascumque
1787 1392 2086 1462 abducite
2108 1411 2312 1459 terras
2333 1441 2348 1472 ,

620 1543 761 1606 Hoc
781 1555 877 1604 sat
898 1539 1047 1602 erit.
1081 1536 1231 1601 Scio
1254 1557 1358 1598 me
1380 1533 1616 1596 Danais
1644 1554 1679 1594 e
1703 1529 2005 1596 classibus
2026 1553 2227 1597 unum
2247 1579 2264 1608 ,

619 1679 701 1744 Et
727 1677 903 1742 bello
932 1675 1161 1740 Iliacos
1188 1674 1399 1738 fateor
1427 1672 1689 1759 petiisse
1720 1674 2019 1735 Penates.

622 1817 754 1877 Pro
787 1835 919 1899 quo
939 1859 956 1889 ,
987 1812 1039 1874 si
1071 1809 1331 1873 sceleris
1362 1821 1545 1870 tanta
1575 1819 1672 1870 est
1701 1803 1936 1888 injuria
1963 1805 2206 1883 nostri,

626 1949 924 2037 Spargite
944 1970 1048 2012 me
1068 1951 1139 2010 in
1160 1946 1390 2011 fluctus
1404 1993 1421 2023 ,
1449 1957 1764 2029 vastoque
1785 1943 2150 2030 immergite
2169 1959 2377 2031 ponto
2389 1993 2402 2007 .

627 2091 696 2157 Si
724 2109 957 2176 pereo,
986 2085 1324 2149 hominum
1350 2085 1648 2148 manibus
1670 2080 1932 2173 periisse
1950 2080 2224 2167 juvabit.
2254 2113 2282 2143 »

626 2227 925 2302 Dixerat3
954 2239 1051 2303 et,
1082 2245 1291 2308 genua
1315 2222 1644 2308 amplexus
1659 2269 1676 2299 ,
1704 2222 2108 2309 genibusque
2130 2223 2424 2290 volutans
2445 2274 2462 2303 ,

628 2362 950 2426 Haerebat.
988 2360 1119 2444 Qui
1150 2359 1233 2423 sit
1250 2405 1268 2437 ‚
1294 2360 1415 2423 fari
1429 2407 1447 2438 ,
1474 2381 1608 2446 quo
1639 2361 1950 2448 sanguine
1979 2375 2194 2427 eretus
2208 2409 2226 2441 ‚

628 2503 1017 2574 Hortarium-3
1042 2509 1189 2583 quae
1221 2495 1457 2560 deinde
1484 2495 1685 2582 agitet
1714 2497 1979 2563 fortuna
1993 2547 2010 2577 ,
2035 2499 2246 2564 fateri.

628 2639 771 2725 Ipse
792 2649 981 2723 pater
1004 2633 1298 2698 dextram
1321 2627 1632 2696 Anchises
1651 2679 1669 2710 ,
1689 2632 1865 2698 haud
1885 2635 2088 2699 multa
2115 2652 2399 2703 moratus
2420 2686 2438 2717 ‚

630 2778 759 2837 Dat
774 2772 1034 2856 juveni,
1062 2787 1255 2857 atque
1277 2770 1566 2835 animum
1587 2773 1890 2858 praesenti
1911 2774 2186 2861 pignore
2210 2775 2443 2841 firmat.

634 2913 750 2977 Ille
776 2913 911 2976 haee
932 2959 949 2989 ,
979 2910 1272 2998 deposita
1302 2910 1567 2974 tandem
1596 2911 1940 2978 formidine
1958 2961 1976 2992 ,
2006 2915 2215 2978 fatur:

736 3267 765 3296 «ι
794 3241 951 3304 Sum
975 3238 1180 3323 patria
1204 3258 1282 3299 ex
1302 3234 1517 3301 Ithaca
1532 3281 1552 3313 ,
1580 3256 1795 3298 comes
1816 3235 2086 3302 infelicis
2105 3239 2347 3326 Ulyssei
2363 3289 2384 3319 ,

646 3382 894 3442 Nomen
916 3373 1376 3440 Achemenides
1391 3418 1409 3450 ‚
1437 3375 1696 3456 Troiam
1714 3373 2014 3460 genitore
2031 3376 2371 3444 Adamasto

593 3600 598 3607 Ι
640 3523 933 3602 Paupere
954 3512 1454 3601 (mansissetque
1476 3510 1723 3574 utinam
1749 3509 2048 3577 fortuna!
2073 3514 2096 3601 )
2119 3515 2470 3603 profectus.

645 3656 765 3718 Hic
792 3676 894 3717 me
913 3700 931 3731 ‚
959 3652 1115 3716 dum
1147 3648 1385 3738 trepidi
1414 3648 1699 3714 crudelia
1729 3649 1950 3715 limina
1975 3651 2283 3740 linquunt
2301 3705 2318 3732 ‚

646 3797 1061 3856 Immemores
1089 3787 1247 3853 socii
1275 3803 1452 3851 vasto
1481 3787 1785 3876 Cyclopis
1811 3790 1880 3854 in
1911 3807 2101 3857 antro
2121 3795 2177 3833 ⁵⁰

646 3933 1027 3992 Deseruere.
1058 3931 1305 3990 Domus
1331 3927 1504 3992 sanie
1532 3926 1933 4014 dapibusque
1963 3931 2252 3996 cruentis

646 4067 826 4130 Intus
852 4087 1051 4153 opaea
1068 4114 1085 4144 ‚
1112 4067 1375 4151 ingens:
1402 4066 1540 4152 ipse
1563 4064 1798 4130 arduus
1819 4066 2074 4153 altaque
2097 4068 2309 4156 pulsat
