3059 4809
757 460 871 521 106
1135 522 1140 525 ,
1265 460 1733 525 AENEIDOS
1798 464 2091 525 LIBER
2152 467 2204 527 1.
2285 534 2291 541 ,
2508 466 2682 519 ν.648.

703 568 710 575 ⁷
744 600 972 660 Passus
993 598 1216 685 amor)
1239 599 1537 684 rapidum
1559 600 1639 663 ad
1662 621 1857 665 naves
1879 599 2213 687 praemittit
2239 602 2532 666 Achaten
2550 650 2565 681 ‚

742 735 1010 799 Ascanio
1040 735 1206 800 ferat
1235 737 1370 801 haec
1383 784 1403 816 ,
1435 738 1776 824 ipsumque
1811 738 1892 802 ad
1922 739 2158 804 moenia
2187 739 2402 804 ducat.

745 874 975 937 Omnis
1004 874 1074 939 in
1105 876 1376 940 Ascanio
1409 878 1541 940 cari
1572 892 1698 939 stat
1730 898 1883 940 cura
1914 877 2226 963 parentis.

738 1010 1005 1073 Munera
1032 1027 1346 1097 proeterea
1360 1060 1378 1091 ‚
1410 1012 1619 1079 Iliacis
1646 1029 1873 1099 erepta
1900 1013 2108 1077 ruinis
2124 1062 2143 1094 ,

739 1150 935 1212 Ferre
951 1150 1177 1233 juhet3
1205 1150 1443 1238 pallam
1473 1152 1673 1237 signis
1706 1174 1995 1239 auroque
2026 1154 2348 1240 rigentem
2369 1202 2385 1232 ,

738 1290 818 1350 Et
846 1289 1342 1355 circumtextum
1373 1312 1607 1354 croceo
1640 1290 1936 1355 velamen
1966 1292 2241 1357 acantho
2262 1342 2279 1372 ,

738 1429 1026 1492 Ornatus
1055 1429 1308 1515 Argivae
1333 1428 1597 1494 Helenae
1611 1478 1628 1509 ,
1667 1451 1829 1516 quos
1859 1431 1970 1495 illa
2002 1433 2287 1518 Mycenis
2307 1480 2325 1512 ,

736 1571 1048 1653 Pergama
1072 1588 1220 1631 cum
1242 1581 1497 1654 peteret
1519 1568 2062 1654 inconcessosque
2082 1568 2455 1657 hymenaeos
2476 1618 2493 1649 ,

735 1704 1066 1770 Extulerat
1081 1752 1100 1784 ,
1131 1707 1354 1771 matris
1381 1706 1569 1771 Ledae
1598 1707 1895 1772 mirabile
1925 1708 2206 1773 donum:

736 1849 1056 1909 Praeterea
1085 1862 1413 1933 sceptrum
1435 1894 1452 1925 ,
1484 1847 1694 1911 Ilione
1725 1846 1904 1932 quod
1937 1860 2218 1931 gesserat
2249 1846 2406 1910 olim
2427 1896 2445 1926 ‚

735 1983 1002 2045 Maxima
1031 1998 1330 2047 natarum
1355 1984 1597 2047 Priami
1617 2032 1634 2062 ,
1669 1983 1971 2070 colloque
2002 1984 2244 2049 monile

734 2122 1077 2181 Baccatum
1091 2165 1109 2196 ‚
1138 2134 1204 2183 et
1225 2118 1553 2205 duplicem
1574 2120 1843 2205 gemmis
1864 2141 2151 2206 auroque
2175 2142 2508 2184 coronam.

728 2258 884 2319 ''Haec
907 2255 1196 2319 celerans
1211 2303 1228 2334 ,
1256 2256 1430 2320 inter
1451 2256 1531 2319 ad
1554 2278 1751 2319 naves
1772 2255 2082 2319 tendebat
2104 2255 2397 2318 Achates.

813 2832 898 2892 At
923 2826 1245 2915 Cytherea
1265 2848 1468 2891 novas
1489 2840 1661 2889 artes
1675 2872 1693 2903 ‚
1722 2846 1895 2889 nova
1918 2838 2185 2910 pectore
2210 2839 2421 2907 versat
2440 2824 2497 2863 ⁴⁰

729 2962 1044 3039 Consilia3
1081 2976 1153 3025 ut
1183 2960 1410 3024 faciem
1440 2974 1727 3024 mutatus
1752 2971 1819 3021 et
1850 2978 1965 3022 ora
1994 2956 2253 3043 Cupido

721 3104 854 3163 Pro
883 3098 1058 3163 dulci
1081 3097 1351 3163 Ascanio
1381 3097 1601 3162 veniat
1621 3144 1638 3175 ,
1673 3093 1991 3180 donisque
2022 3092 2350 3159 furentem

719 3202 1030 3305 Incendat
1051 3238 1341 3326 reginam
1358 3285 1375 3316 ,
1403 3252 1597 3323 atque
1621 3236 1869 3300 ossibus
1893 3233 2183 3320 implicet
2208 3235 2451 3322 ignem.

721 3375 983 3461 Quippe
1006 3374 1272 3441 domum
1293 3375 1480 3438 timet
1501 3344 1865 3459 ambiguam
1879 3417 1897 3449 ,
1925 3372 2282 3457 Tyriosque
2304 3371 2648 3458 bilingues.

717 3514 864 3578 Urit
885 3528 1072 3577 atrox
1091 3516 1266 3579 Juno
1283 3559 1302 3592 ‚
1331 3528 1398 3578 et
1420 3512 1543 3575 sub
1566 3525 1831 3575 noctem
1854 3532 2006 3573 cura
2029 3524 2343 3573 recursat.

719 3655 891 3738 Ergo
921 3651 1020 3716 his
1049 3650 1364 3739 aligerum
1392 3650 1583 3715 dictis
1610 3648 1843 3714 affatur
1873 3653 2183 3712 Amorem
2208 3670 2223 3709 ε

724 3818 752 3847 ιι
775 3794 932 3855 Nate
950 3839 968 3869 ‚
1006 3812 1164 3854 meae
1191 3792 1396 3869 vires,
1434 3813 1577 3855 mea
1608 3812 1837 3877 magna
1865 3789 2157 3876 potentia
2175 3836 2191 3865 ,
2230 3788 2401 3852 solus
2420 3835 2438 3867 ,

723 3933 906 4010 Nate,
939 3931 1141 4017 patris
1169 3931 1399 3993 summi
1428 3930 1542 4017 qui
1573 3928 1702 3992 tela
1734 3927 2024 4014 Typhoia
2058 3926 2293 3988 temnis
2315 3972 2331 4001 ,

716 4068 816 4134 Ad
850 4084 911 4134 te
946 4071 1253 4155 confugio
1272 4118 1289 4149 ,
1323 4085 1391 4135 et
1421 4070 1695 4157 supplex
1724 4082 1833 4131 tua
1864 4064 2131 4131 numina
2163 4087 2387 4150 posc0.
