3059 4809
651 464 732 525 68
1164 447 1635 515 AENEIDOS
1694 443 1989 507 LIBER
2047 440 2099 499 1..
2433 441 2622 488 v·²¹9·

644 609 1007 697 Implentur
1036 605 1274 671 veteris
1301 600 1530 666 bacchi
1558 595 1945 685 pinguisque
1976 590 2197 655 ferinae

642 755 994 833 Postquam
1019 758 1312 830 exempta
1334 741 1531 803 fames
1554 733 1761 822 epulis
1776 780 1793 811 ,
1821 750 2185 813 mensaeque
2212 738 2481 789 remotae
2500 770 2518 800 ‚
2610 792 2617 799 ι

643 888 922 952 Amissos
950 885 1150 971 longo
1183 881 1390 945 socios
1421 895 1720 941 sermone
1752 870 2099 957 requirunt
2116 913 2133 944 ,

644 1031 969 1114 Spemque
991 1038 1366 1106 metumque
1389 1017 1564 1079 inter
1586 1010 1803 1089 dubii,
1832 1031 1945 1072 seu
1967 996 2186 1071 vivere
2210 1001 2480 1067 credant
2503 1046 2519 1076 ,

642 1166 793 1231 Sive
825 1177 1110 1228 extrema
1138 1158 1311 1246 pati,
1349 1156 1470 1218 nec
1491 1156 1627 1237 jam
1657 1148 1958 1214 exaudire
1990 1116 2279 1211 vocatos·

639 1303 972 1390 Praecipue
999 1299 1145 1388 pius
1175 1301 1403 1361 AEneas
1427 1300 1609 1358 nunc
1639 1288 1803 1354 acris
1837 1285 2119 1352 Orontei
2141 1332 2157 1362 ,

637 1448 823 1507 Nunc
855 1440 1081 1527 Amyci
1113 1459 1326 1503 casum
1357 1433 1556 1523 gemit
1575 1478 1593 1510 ‚
1632 1446 1699 1494 et
1730 1425 2012 1493 crudelia
2041 1442 2260 1499 secum·

585 1660 602 1672 ,
638 1588 791 1647 Fata
810 1581 993 1669 Lyci,
1020 1581 1387 1665 fortemque
1409 1575 1601 1660 Gyan
1619 1617 1637 1649 ‚
1664 1560 2033 1661 fortemque
2060 1558 2483 1625 Cloanthum.

729 1862 810 1922 Et
830 1862 965 1943 jam
996 1858 1141 1921 finis
1170 1872 1309 1921 erat
1327 1903 1344 1933 ,
1374 1859 1523 1919 cum
1552 1850 1811 1937 Jupiter
1840 1845 2079 1909 aethere
2109 1860 2359 1905 summo

638 1997 1016 2083 Despiciens
1044 2018 1219 2059 mare
1251 1991 1601 2059 velivolum
1626 2038 1642 2069 ‚
1678 1960 2013 2070 terrasque
2034 1974 2358 2067 jacenteS,

638 2110 1053 2221 Littoraque}
1092 2151 1159 2199 et
1185 2136 1348 2198 latos
1378 2131 1657 2219 populos
1676 2179 1693 2211 ‚
1732 2130 1822 2192 sic
1851 2124 2097 2189 vertice
2128 2096 2272 2186 coeli

640 2276 952 2339 Constitit
971 2324 988 2354 ,
1016 2290 1080 2340 et
1101 2274 1328 2371 'Libyae
1359 2271 1581 2336 defixit
1610 2268 1855 2333 lumina
1886 2263 2127 2349 regnis.

642 2428 855 2510 Atque
884 2424 1066 2488 illum
1097 2412 1260 2488 tales⁴
1278 2424 1636 2506 jactantem
1664 2431 1930 2502 pectore
1962 2433 2147 2477 curas
2159 2410 2214 2449 ²⁵

641 2563 938 2641 Tristior,
971 2578 1037 2625 et
1063 2562 1363 2649 lacrymis
1388 2559 1613 2624 oculos
1635 2556 1873 2620 suffusa
1900 2554 2185 2617 nitentes
2204 2598 2221 2628 ,

645 2700 1019 2787 Alloquitur
1041 2704 1299 2765 Venus:
1334 2729 1362 2758 α
1399 2702 1458 2764 Ο
1485 2698 1597 2784 qui
1620 2719 1725 2760 res
1752 2695 2219 2781 hominumque
2242 2688 2585 2772 deumque'

644 2841 923 2904 AEternis
951 2841 1125 2927 regis
1151 2840 1437 2927 imperiis
1456 2885 1474 2917 ,
1501 2852 1570 2901 et
1598 2835 1871 2899 fulmine
1904 2848 2113 2895 terres
2135 2877 2151 2907 ,
2212 2838 2216 2841 ’

647 2979 824 3061 Quid
853 3002 1036 3043 meus
1058 2983 1286 3042 AEneas
1312 2979 1383 3041 in
1414 2992 1478 3039 te
1509 2974 1917 3039 committere
1952 2984 2205 3033 tantum
2230 3013 2247 3043 ,

648 3116 825 3200 Quid
846 3121 1044 3183 Troes
1072 3133 1346 3203 potuere
1369 3116 1659 3201 ,quibus
1690 3127 1789 3194 tot
1817 3111 2059 3173 funera·
2077 3105 2272 3193 passis

649 3256 939 3319 Cunctus
968 3257 1056 3319 ob
1079 3255 1326 3318 Italiam
1349 3270 1673 3317 terrarum
1706 3250 2031 3316 clauditur
2059 3223 2283 3310 orbis?

649 3398 846 3461 Certe
871 3394 1022 3457 hinc
1054 3397 1380 3459 Romanos
1411 3394 1568 3457 olim
1598 3390 2011 3459 volventibus
2032 3365 2217 3451 annis

645 3535 812 3597 Hinc
846 3531 985 3595 fore
1015 3531 1319 3595 ductores
1340 3579 1357 3609 ,
1385 3548 1693 3596 revocato
1724 3556 1763 3595 a
1787 3530 2103 3617 sanguine
2128 3524 2397 3601 Teucri,

647 3674 780 3757 Qui
801 3692 977 3735 mare
993 3716 1009 3747 ‚
1044 3670 1158 3755 qui
1184 3686 1390 3734 terras
1419 3672 1601 3734 omni
1622 3670 1869 3734 ditione
1899 3679 2200 3732 tenerent
2220 3711 2236 3741 ,

644 3808 980 3873 Pollicitus
1013 3832 1028 3869 ε
1066 3830 1207 3893 quae
1239 3825 1334 3888 te,
1362 3774 1661 3896 genitor,⁸
1682 3807 2001 3873 sententia
2028 3803 2269 3869 vertit?

563 3979 569 3992 ¹
645 3952 786 4015 Hoc
816 3948 1118 4034 equidem
1140 3970 1438 4012 occasum
1467 3951 1678 4035 Trojae
1704 3949 2049 4033 tristesque
2082 3944 2300 4015 ruinas

650 4074 946 4153 Solabar,
983 4075 1130 4139 fatis
1161 4074 1486 4140 contraria
1515 4074 1645 4137 fata
1677 4072 2065 4160 rependens.
