3059 4809
694 465 774 524 84
1195 456 1659 521 AENEIDOS
1720 455 2014 517 LIBER
2075 458 2128 515 I.
2443 472 2489 500 v.
2557 458 2664 506 404-

690 612 822 673 Aut
847 622 1109 694 portum
1137 622 1317 670 tenet
1337 654 1353 683 ‚
1387 621 1496 669 aut
1528 603 1726 693 pleno
1759 603 1931 667 subit
1963 603 2124 666 ostia
2154 602 2323 667 velo.

695 749 900 830 Perge
930 724 1124 822 modo
1147 790 1163 819 ,
1201 758 1266 805 et
1298 764 1423 827 qua
1453 757 1519 804 te
1551 740 1728 803 ducit
1760 741 1862 804 via
1892 738 2101 824 dirige
2117 718 2438 824 gressum.
2481 769 2509 797 »

783 1246 960 1309 Dixit
979 1293 994 1324 ,
1033 1260 1098 1311 et
1127 1260 1425 1311 avertens
1454 1266 1637 1309 rosea
1666 1243 1916 1341 cervice
1947 1243 2196 1308 refulsit
2228 1244 2303 1319 ³⁰,-

693 1384 1174 1469 Ambrosiaeque
1204 1395 1402 1447 eomae
1427 1381 1719 1446 divinum
1746 1381 1989 1445 vertice
2019 1379 2288 1444 odorem

697 1522 1074 1607 Spiravere3
1107 1520 1304 1609 pedes
1332 1520 1528 1585 vestis
1558 1520 1826 1583 defluxit
1856 1519 1937 1582 ad
1963 1519 2163 1594 im0s;

696 1660 777 1720 Et
805 1680 956 1723 vera
984 1656 1236 1722 incessu
1265 1658 1475 1746 patuit
1506 1662 1643 1721 Dea
1670 1631 1760 1718 ⁸³¹..
1792 1658 1907 1720 Ille
1927 1704 1945 1735 ‚
1980 1657 2093 1720 ubi
2120 1669 2391 1719 matrem

697 1796 981 1881 Agnovit
999 1842 1018 1873 ,
1054 1796 1166 1859 tali
1194 1793 1551 1882 fugientem
1583 1807 1680 1857 est
1707 1816 1867 1858 voce
1897 1806 2151 1856 secutus
2178 1817 2193 1854 ε

703 1959 732 1988 «ι
771 1930 945 2013 Quid
975 1945 1200 1993 natum
1231 1930 1421 1993 toties
1440 1976 1459 2008 ‚
1496 1928 1774 1991 crudelis
1803 1943 1872 1991 tu
1902 1950 2163 2013 quoque
2181 1973 2199 2005 ,
2232 1926 2401 1990 falsis

699 2066 892 2128 Ludis
918 2065 1342 2150 imaginibus?
1372 2084 1487 2127 cur
1515 2064 1757 2127 dextrae
1776 2065 2055 2147 jungere
2084 2061 2373 2124 dextram

701 2204 846 2264 Non
875 2201 1094 2281 datur,
1129 2226 1200 2265 ac
1230 2220 1412 2265 veras
1441 2200 1662 2265 audire
1694 2214 1759 2264 et
1788 2199 2061 2264 reddere
2088 2198 2325 2263 voces?
2352 2226 2379 2255 ι»

784 3090 1039 3155 Talibus
1069 3091 1312 3154 incusat
1333 3139 1348 3170 ,
1386 3114 1803 3178 gressumque
1834 3092 1914 3155 ad
1944 3092 2178 3156 moenia
2209 3088 2437 3154 tendit.

698 3225 781 3285 At
807 3227 1024 3289 Venus
1054 3225 1330 3290 obscuro
1361 3228 1728 3312 gradientes
1760 3251 1907 3292 aere
1938 3230 2149 3317 saepsit
2187 3230 2241 3267 ³²
2258 3276 2276 3307 ‚

698 3362 780 3421 Et
811 3361 1017 3425 multo
1048 3362 1301 3426 nebulae
1332 3362 1575 3427 circum
1604 3364 1724 3428 dea
1755 3365 1920 3429 fudit
1950 3366 2189 3429 amictu
2208 3413 2226 3445 ,

701 3495 988 3562 Cernere
1016 3522 1101 3563 ne
1131 3499 1276 3584 quis
1303 3521 1414 3563 eos
1430 3546 1447 3578 ,
1482 3523 1613 3565 neu
1643 3502 1786 3587 quis
1816 3503 2195 3591 contingere
2224 3517 2440 3589 posset
2458 3548 2475 3578 ,

697 3633 992 3700 Molirive
1019 3660 1266 3702 moram
1286 3686 1303 3717 ,
1336 3638 1448 3703 aut
1474 3641 1778 3706 veniendi
1810 3664 2077 3729 poscere
2107 3642 2345 3705 ca'uSaS.
2418 3698 2425 3701 .

696 3775 842 3859 Ipsa
873 3771 1164 3860 Paphum
1192 3758 1480 3841 sublimi's
1510 3780 1645 3842 abit
1662 3826 1679 3858 ,
1714 3781 2024 3869 sedesque
2052 3772 2289 3869 revisit!

697 3914 866 3973 Laeta
895 3933 1037 3975 suas
1056 3960 1074 3990 ,
1111 3914 1223 3978 ubi
1250 3917 1563 4003 templum
1592 3918 1721 3998 illi,
1757 3938 2147 4008 centumque
2181 3921 2405 3986 Sabaeo

617 4122 626 4126 -
700 4046 868 4129 Ture
902 4043 1112 4110 calent
1142 4070 1266 4112 arae
1284 4097 1304 4128 ,
1341 4053 1655 4139 sertisque
1687 4059 2056 4122 recentibus
2079 4058 2325 4122 halant.
