3059 4809
794 451 874 511 :³2
1299 444 1766 508 AENEIDOS
1827 444 2122 505 LIBER
2180 446 2232 504 1.
2594 439 2721 500 1-39·

787 574 944 638 Vela
965 574 1204 637 dabant
1227 573 1355 635 laeti
1383 574 1433 649 ⁸,
1461 587 1528 635 et
1550 592 1804 656 spumas
1825 569 1971 634 salis
1990 592 2115 635 oere
2139 572 2451 657 ruebant3

784 712 951 776 Cum
970 717 1009 776 J
1016 735 1143 776 uno
1160 760 1177 791 ‚
1204 727 1518 775 aeternum
1541 732 1801 775 servans
1822 712 1943 774 sub
1964 727 2233 797 pectore
2255 712 2488 777 vulnus
2501 709 2550 788 ⁹,

787 856 937 917 Haec
959 875 1174 917 secum
1192 856 1286 914 ¹⁰:
1319 881 1348 910 α
1379 857 1566 916 Mene
1588 853 1849 939 incepto
1880 852 2186 917 desistere
2210 853 2446 918 victam
2464 852 2553 912 ¹¹?

782 994 914 1054 Nec
935 1013 1122 1077 posse
1144 991 1324 1054 Italia
1341 995 1739 1055 Teucrorum
1760 1008 2054 1057 avertere
2076 1015 2295 1078 regem
2312 992 2343 1054 ’.Ρ

784 1130 1044 1218 Quippe
1070 1145 1259 1196 vetor
1280 1131 1426 1194 fatis
1451 1133 1464 1192 l
1492 1130 1786 1195 Pallasne
1809 1152 2080 1195 exurere
2103 1131 2365 1195 classem

782 1269 1087 1355 Argivum
1109 1316 1126 1347 ‚
1158 1284 1352 1354 atque
1374 1268 1546 1354 ipsos
1568 1268 1784 1353 potuit
1805 1269 2221 1355 submergere
2244 1283 2450 1355 ponto
2471 1318 2487 1347 ‚

780 1406 982 1471 Unius
1004 1406 1092 1469 oh
1116 1428 1348 1494 noxum
1374 1422 1440 1470 et
1463 1406 1659 1469 furias
1685 1406 1891 1490 Ajacis
1918 1405 2091 1470 Oilei
2106 1408 2135 1467 ⁰?

780 1547 922 1630 Ipsa
938 1591 955 1622 ‚
982 1544 1163 1610 Jovis
1185 1544 1480 1632 rapidum
1493 1543 1777 1627 jaculata
1800 1565 1835 1606 e
1857 1543 2139 1607 nubibus
2160 1544 2377 1628 ignem
2398 1592 2413 1616 ,

779 1681 1171 1767 Disjecitque
1195 1698 1364 1746 rates
1383 1730 1401 1760 ,
1432 1682 1797 1768 evertitque
1823 1704 2082 1767 aequora
2108 1684 2349 1758 ventis3

781 1817 969 1881 lllum
993 1818 1423 1903 exspirantem
1449 1818 1758 1882 transfixo
1783 1834 2049 1903 pectore
2074 1818 2357 1882 flammas

779 1956 1065 2020 Turbine
1089 1958 1444 2045 corripuit,
1473 1960 1869 2047 scopuloque
1893 1960 2103 2023 infixit
2126 1974 2315 2024 acuto
2344 1984 2360 2021 ε

781 2094 895 2155 Ast
922 2115 1044 2179 ego
1062 2141 1079 2171 ,
1114 2117 1256 2180 quae
1277 2095 1496 2161 divum
1519 2098 1753 2162 incedo
1777 2099 1999 2185 regina
2014 2146 2032 2176 ,
2062 2098 2369 2185 Jovisque

780 2235 866 2296 Et
890 2254 1077 2296 soror
1105 2249 1172 2296 et
1201 2238 1437 2319 conjux
1459 2283 1476 2314 ‚
1503 2260 1630 2300 11113
1655 2260 1802 2301 cum
1824 2253 2017 2324 gente
2042 2252 2141 2301 tot
2164 2260 2371 2333 annos

782 2368 958 2434 Bella
978 2393 1135 2457 gero
1160 2377 1174 2436 Ξ
1203 2376 1284 2436 Et
1307 2373 1644 2460 quisquam
1670 2397 1911 2437 numen
1934 2379 1973 2438 J
1978 2374 2207 2439 unonis
2229 2375 2454 2438 adoret

779 2510 1100 2572 Praeterea
1119 2558 1136 2588 ,
1165 2527 1274 2574 aut
1296 2512 1567 2599 supplex
1591 2512 1716 2575 aris
1737 2512 2033 2597 imponat
2053 2513 2369 2577 honorem
2389 2514 2418 2574 ἱ)
2452 2543 2482 2572 n

867 3814 1037 3881 Talia
1057 3812 1379 3883 flammato
1402 3840 1619 3885 secum
1640 3820 1761 3885 dea
1784 3821 1979 3887 corde
2002 3820 2301 3890 volutans
2318 3872 2336 3902 ,

775 3958 829 4019 N
832 3957 1156 4021 imborum
1177 3954 1245 4019 in
1267 3958 1540 4042 patriam
1561 4004 1578 4036 ,
1598 3960 1751 4050 „loca
1772 3962 1903 4025 feta
1924 3963 2288 4029 furentibus
2314 3968 2545 4032 austris
2570 3964 2622 4006 ¹²
2636 4006 2651 4037 9

776 4094 1043 4160 AEoliam
1065 4096 1266 4160 venit.
1295 4096 1416 4160 Hic
1437 4113 1619 4163 vasto
1648 4120 1762 4163 rex
1787 4100 2002 4165 AEolus
2029 4116 2217 4166 antro
