3059 4809
609 452 726 513 132
1082 440 1556 505 AENEIDOS
1617 438 1914 500 LIBER
1975 438 2076 497 ll:
2417 450 2466 482 v.
2489 434 2574 488 64.

598 572 999 637 Circumfusa
1025 568 1191 645 ruit,
1224 579 1608 650 certantque
1635 561 1908 626 illudere
1939 577 2152 648 capto.

594 708 830 793 Accipe
858 728 1035 769 nunc
1061 708 1353 767 Danaum
1378 700 1674 772 insidiam
1708 714 1773 762 et
1797 697 2068 762 crimine
2099 697 2182 760 ab
2213 718 2344 760 uno

593 845 784 909 Disce
814 866 1061 909 omnes.

504 968 520 990 ’
592 988 878 1068 Namque
909 995 981 1043 ut
1002 992 1354 1064 conspectu
1380 976 1449 1041 in
1476 974 1694 1038 medio
1714 1021 1734 1051 ,
1764 973 2093 1051 turbatuS,
2126 970 2390 1035 inermis
2411 1018 2429 1049 ,

589 1120 899 1187 Constitit
914 1168 933 1199 ‚
960 1134 1155 1205 atque
1178 1116 1382 1182 oculis
1410 1113 1696 1201 Phrygia
1720 1112 1978 1199 agmina
2004 1109 2496 1207 circumspexit:

594 1290 622 1319 «ι
651 1264 824 1325 Heu!
852 1280 995 1345 quoe
1015 1278 1193 1321 nunc
1218 1252 1408 1319 tellus
1425 1298 1443 1330 ,
1471 1249 1686 1336 inquit
1703 1296 1722 1327 ‚
1753 1270 1900 1334 quae
1919 1270 2024 1313 me
2045 1211 2304 1334 oequora
2323 1258 2596 1334 possunt

587 1396 939 1485 Accipere?
963 1409 1072 1458 aut
1094 1391 1253 1479 quid
1266 1393 1402 1475 jam
1424 1389 1662 1451 misero
1685 1386 1843 1450 mihi
1866 1385 2146 1473 denique
2172 1399 2371 1448 restat
2390 1430 2407 1461 ,

590 1538 712 1602 Cui
730 1559 944 1623 neque
968 1534 1139 1622 apud
1161 1536 1417 1595 Danaos
1440 1550 1710 1615 usquam
1733 1525 1914 1590 locus
1929 1573 1946 1604 ,
1977 1540 2043 1589 et
2067 1547 2261 1612 super
2281 1524 2401 1611 ipsi

588 1675 969 1741 Dardanidae
996 1672 1227 1738 infensi
1249 1692 1473 1758 poenas
1496 1690 1645 1733 cum
1668 1664 1978 1753 sanguine
2000 1663 2324 1751 poscunt?
2355 1691 2382 1719 υ

587 1819 737 1899 Quo
769 1813 1013 1901 gemitu
1045 1810 1342 1901 conuersi
1369 1808 1570 1873 animi
1589 1852 1610 1885 ,
1635 1826 2038 1891 compressus
2067 1818 2135 1867 et
2162 1802 2374 1869 omnis

583 1954 869 2037 Impetus
892 1974 909 2012 ε
936 1951 1275 2013 hortamur
1306 1947 1462 2025 fari,
1499 1967 1631 2032 quo
1662 1944 1974 2030 sanguine
2007 1958 2221 2007 cretus
2244 1988 2261 2019 ,

584 2088 840 2173 Quidve
872 2086 1036 2150 ferat
1064 2100 1412 2163 memoret,
1443 2107 1588 2171 quae
1617 2084 1700 2147 sit
1730 2082 1961 2147 fiducia
1989 2097 2203 2168 capto.

582 2224 738 2311 [Ille
770 2223 941 2300 haec,
969 2221 1261 2308 deposita
1291 2220 1554 2285 tandem
1586 2221 1935 2285 formidine
1955 2269 1972 2300 ,
2008 2222 2178 2284 satur
2199 2219 2260 2307 ε]

586 2390 614 2419 α
640 2362 893 2425 Cuncta
914 2358 1215 2445 equidem
1238 2358 1359 2423 tibi
1379 2405 1399 2436 ‚
1424 2380 1541 2423 rex
1557 2406 1574 2437 ,
1601 2359 1798 2424 fuerit
1819 2359 2274 2446 quodcumque
2295 2405 2313 2437 ,
2343 2358 2598 2421 fatebor

581 2501 746 2563 Vera
766 2546 782 2576 ,
808 2497 1057 2584 inquit:
1086 2518 1301 2582 neque
1324 2518 1429 2559 me
1452 2496 1754 2581 Argolica
1777 2496 1858 2561 de
1883 2511 2078 2583 gente
2099 2496 2354 2583 negabo
2373 2520 2392 2571 3

580 2640 721 2699 Hoc
750 2635 1073 2722 primum:
1100 2656 1223 2699 nec
1239 2682 1256 2713 ,
1284 2635 1339 2697 si
1367 2636 1675 2700 miserum
1705 2635 1968 2699 fortuna
1997 2637 2308 2701 Sinonem

576 2775 792 2838 Finxit
806 2821 825 2854 ,
853 2796 1091 2839 vanum
1114 2774 1307 2837 etiam
1329 2775 1835 2861 mendacemque
1857 2773 2156 2861 improba
2181 2774 2403 2860 finget.

525 2938 530 2945 ·
576 2908 798 2974 Fando
828 2909 1093 2996 aliquod
1125 2908 1178 2972 si
1205 2909 1377 2975 forte
1409 2927 1550 2975 tuas
1579 2912 1880 2997 pervenit
1909 2911 1992 2975 ad
2019 2934 2206 2975 aures

572 3044 811 3109 Belidae
839 3068 1078 3111 nomen
1108 3045 1497 3126 Palamedis,
1534 3064 1601 3113 et
1631 3049 1874 3136 inclyta
1904 3049 2068 3113 fama

577 3184 803 3250 Gloria
822 3207 851 3259 3.
877 3206 1069 3268 quem
1098 3182 1253 3245 falsa
1283 3186 1404 3249 sub
1432 3185 1810 3272 proditione
1843 3185 2090 3274 Pelasgi

572 3325 937 3399 Insontem,
964 3322 1229 3388 infando
1262 3323 1538 3403 indicio,
1571 3326 1720 3410 quia
1742 3324 2196 3391 bellavetabat
2216 3375 2232 3405 ,

572 3457 904 3521 Demisere
935 3462 1112 3538 neci;
1140 3482 1317 3525 nunc
1345 3482 1590 3524 cassum
1625 3460 1866 3524 lumine
1899 3462 2158 3547 lugent:

571 3591 674 3665 llli
694 3617 797 3658 me
819 3596 1123 3661 comitem
1138 3644 1155 3675 ,
1185 3612 1253 3661 et
1276 3597 1834 3682 consanguinitate
1857 3569 2296 3684 propinquum
2317 3646 2334 3675 ,

569 3732 823 3817 Pauper
849 3731 916 3795 in
940 3754 1113 3797 arma
1136 3749 1321 3821 pater
1343 3733 1572 3820 primis
1590 3732 1718 3797 huc
1741 3733 1913 3797 misit
1934 3735 2016 3797 ab
2039 3734 2246 3797 annis.

570 3869 741 3927 Dum
764 3868 970 3931 stabat
994 3890 1198 3955 regno
1222 3869 1565 3935 incolumis
1584 3917 1601 3948 ,
1631 3892 1988 3957 regumque
2021 3870 2277 3955 vigebat

570 4003 875 4070 Conciliis
892 4054 909 4085 ,
940 4022 1005 4071 et
1035 4031 1154 4072 nos
1185 4008 1448 4094 aliquod
1481 4030 1856 4095 nomenque
1882 4009 2204 4094 decusque
