<?xml version="1.0" encoding="UTF-8"?>
<!DOCTYPE html PUBLIC "-//W3C//DTD XHTML 1.0 Transitional//EN"
    "http://www.w3.org/TR/xhtml1/DTD/xhtml1-transitional.dtd">
<html xmlns="http://www.w3.org/1999/xhtml" xml:lang="en" lang="en">
 <head>
  <title>
</title>
<meta http-equiv="Content-Type" content="text/html;charset=utf-8" />
  <meta name='ocr-system' content='tesseract 3.04.00' />
  <meta name='ocr-capabilities' content='ocr_page ocr_carea ocr_par ocr_line ocrx_word'/>
</head>
<body>
  <div class='ocr_page' id='page_1' title='image "./oeuvresdedelill02virggoog_0064.png"; bbox 0 0 3059 4809; ppageno 0'>
   <div class='ocr_carea' id='block_1_1' title="bbox 724 498 2687 563">
    <p class='ocr_par' dir='ltr' id='par_1_1' title="bbox 724 498 2687 563">
     <span class='ocr_line' id='line_1_1' title="bbox 724 498 2687 563; baseline -0.005 0"><span class='ocrx_word' id='word_1_1' title='bbox 724 503 802 563; x_wconf 84' lang='lat'><strong>56</strong></span> <span class='ocrx_word' id='word_1_2' title='bbox 1236 500 1702 563; x_wconf 84' lang='lat' dir='ltr'><strong>AENEIDOS</strong></span> <span class='ocrx_word' id='word_1_3' title='bbox 1763 499 2059 561; x_wconf 87' lang='lat' dir='ltr'>LIBER</span> <span class='ocrx_word' id='word_1_4' title='bbox 2117 503 2167 562; x_wconf 92' lang='lat'><strong>1.</strong></span> <span class='ocrx_word' id='word_1_5' title='bbox 2537 498 2687 547; x_wconf 80' lang='lat' dir='ltr'><strong>v·8o·</strong></span> 
     </span>
    </p>
   </div>
   <div class='ocr_carea' id='block_1_2' title="bbox 717 636 2648 4071">
    <p class='ocr_par' dir='ltr' id='par_1_2' title="bbox 717 636 2648 4071">
     <span class='ocr_line' id='line_1_2' title="bbox 813 636 2520 727; baseline 0.002 -28"><span class='ocrx_word' id='word_1_6' title='bbox 813 637 1031 701; x_wconf 88' lang='lat' dir='ltr'><strong>AEolus</strong></span> <span class='ocrx_word' id='word_1_7' title='bbox 1051 636 1185 700; x_wconf 84' lang='lat' dir='ltr'><strong>haec</strong></span> <span class='ocrx_word' id='word_1_8' title='bbox 1207 651 1438 700; x_wconf 89' lang='lat' dir='ltr'><strong>contra</strong></span> <span class='ocrx_word' id='word_1_9' title='bbox 1465 662 1481 698; x_wconf 90' lang='lat'>:</span> <span class='ocrx_word' id='word_1_10' title='bbox 1506 666 1536 694; x_wconf 86' lang='lat'>«</span> <span class='ocrx_word' id='word_1_11' title='bbox 1561 642 1729 701; x_wconf 91' lang='lat' dir='ltr'><strong>Tuus</strong></span> <span class='ocrx_word' id='word_1_12' title='bbox 1750 684 1767 715; x_wconf 90' lang='lat'><strong>,</strong></span> <span class='ocrx_word' id='word_1_13' title='bbox 1795 661 1835 701; x_wconf 95' lang='lat' dir='ltr'><strong>o</strong></span> <span class='ocrx_word' id='word_1_14' title='bbox 1859 639 2083 724; x_wconf 88' lang='lat' dir='ltr'><strong>regina</strong></span> <span class='ocrx_word' id='word_1_15' title='bbox 2102 686 2119 717; x_wconf 91' lang='lat'><strong><em>,</em></strong></span> <span class='ocrx_word' id='word_1_16' title='bbox 2147 637 2306 724; x_wconf 92' lang='lat' dir='ltr'><strong>quid</strong></span> <span class='ocrx_word' id='word_1_17' title='bbox 2332 654 2520 727; x_wconf 88' lang='lat' dir='ltr'><strong>optes</strong></span> 
     </span>
     <span class='ocr_line' id='line_1_3' title="bbox 721 776 2300 865; baseline 0 -26"><span class='ocrx_word' id='word_1_18' title='bbox 721 777 1074 864; x_wconf 84' lang='lat' dir='ltr'><strong>Explorare</strong></span> <span class='ocrx_word' id='word_1_19' title='bbox 1099 776 1288 841; x_wconf 87' lang='lat' dir='ltr'><strong>labor</strong></span> <span class='ocrx_word' id='word_1_20' title='bbox 1308 826 1325 855; x_wconf 95' lang='lat'>‚</span> <span class='ocrx_word' id='word_1_21' title='bbox 1355 777 1512 842; x_wconf 88' lang='lat' dir='ltr'><strong>mihi</strong></span> <span class='ocrx_word' id='word_1_22' title='bbox 1524 780 1700 862; x_wconf 88' lang='lat' dir='ltr'><strong>jussa</strong></span> <span class='ocrx_word' id='word_1_23' title='bbox 1719 800 2045 865; x_wconf 84' lang='lat' dir='ltr'><strong>capessere</strong></span> <span class='ocrx_word' id='word_1_24' title='bbox 2068 778 2159 843; x_wconf 84' lang='lat' dir='ltr'><strong>fas</strong></span> <span class='ocrx_word' id='word_1_25' title='bbox 2180 791 2300 840; x_wconf 89' lang='lat' dir='ltr'><strong>est.</strong></span> 
     </span>
     <span class='ocr_line' id='line_1_4' title="bbox 717 914 2607 1005; baseline 0.002 -28"><span class='ocrx_word' id='word_1_26' title='bbox 717 916 811 977; x_wconf 88' lang='lat' dir='ltr'><strong>Tu</strong></span> <span class='ocrx_word' id='word_1_27' title='bbox 835 914 993 977; x_wconf 89' lang='lat' dir='ltr'><strong>mihi</strong></span> <span class='ocrx_word' id='word_1_28' title='bbox 1011 915 1468 1001; x_wconf 90' lang='lat' dir='ltr'><strong>quodcumque</strong></span> <span class='ocrx_word' id='word_1_29' title='bbox 1487 917 1617 981; x_wconf 93' lang='lat' dir='ltr'><strong>hoc</strong></span> <span class='ocrx_word' id='word_1_30' title='bbox 1638 917 1858 1003; x_wconf 85' lang='lat' dir='ltr'><strong>regni,</strong></span> <span class='ocrx_word' id='word_1_31' title='bbox 1885 933 1961 981; x_wconf 89' lang='lat' dir='ltr'><strong>tu</strong></span> <span class='ocrx_word' id='word_1_32' title='bbox 1982 932 2231 1003; x_wconf 89' lang='lat' dir='ltr'><strong>sceptra</strong></span> <span class='ocrx_word' id='word_1_33' title='bbox 2251 922 2607 1005; x_wconf 66' lang='lat' dir='ltr'><strong>,Iovemque</strong></span> 
     </span>
     <span class='ocr_line' id='line_1_5' title="bbox 727 1054 2249 1142; baseline 0.002 -25"><span class='ocrx_word' id='word_1_34' title='bbox 727 1054 1088 1132; x_wconf 89' lang='lat' dir='ltr'><strong>Concilias;</strong></span> <span class='ocrx_word' id='word_1_35' title='bbox 1117 1072 1190 1119; x_wconf 89' lang='lat' dir='ltr'><strong>tu</strong></span> <span class='ocrx_word' id='word_1_36' title='bbox 1215 1056 1329 1119; x_wconf 89' lang='lat' dir='ltr'><strong>das</strong></span> <span class='ocrx_word' id='word_1_37' title='bbox 1357 1055 1564 1142; x_wconf 88' lang='lat' dir='ltr'><strong>epulis</strong></span> <span class='ocrx_word' id='word_1_38' title='bbox 1585 1057 1967 1120; x_wconf 87' lang='lat' dir='ltr'><strong>accumbere</strong></span> <span class='ocrx_word' id='word_1_39' title='bbox 1986 1056 2209 1121; x_wconf 78' lang='lat' dir='ltr'><strong>divum</strong></span> <span class='ocrx_word' id='word_1_40' title='bbox 2230 1101 2249 1134; x_wconf 90' lang='lat'>‚</span> 
     </span>
     <span class='ocr_line' id='line_1_6' title="bbox 722 1156 2451 1281; baseline -0.003 -24"><span class='ocrx_word' id='word_1_41' title='bbox 722 1193 1236 1279; x_wconf 88' lang='lat' dir='ltr'><strong>Nimborumque</strong></span> <span class='ocrx_word' id='word_1_42' title='bbox 1256 1194 1408 1257; x_wconf 90' lang='lat' dir='ltr'><strong>facis</strong></span> <span class='ocrx_word' id='word_1_43' title='bbox 1429 1208 2011 1281; x_wconf 82' lang='lat' dir='ltr'><strong>tempestatumque</strong></span> <span class='ocrx_word' id='word_1_44' title='bbox 2036 1156 2394 1281; x_wconf 84' lang='lat' dir='ltr'><strong>potentem.</strong></span> <span class='ocrx_word' id='word_1_45' title='bbox 2423 1223 2451 1252; x_wconf 71' lang='lat' dir='ltr'>n</span> 
     </span>
     <span class='ocr_line' id='line_1_7' title="bbox 814 1333 2521 1420; baseline -0.001 -23"><span class='ocrx_word' id='word_1_46' title='bbox 814 1339 964 1398; x_wconf 86' lang='lat' dir='ltr'><strong>Haec</strong></span> <span class='ocrx_word' id='word_1_47' title='bbox 987 1333 1099 1399; x_wconf 93' lang='lat' dir='ltr'><strong>ubi</strong></span> <span class='ocrx_word' id='word_1_48' title='bbox 1120 1333 1292 1397; x_wconf 90' lang='lat' dir='ltr'><strong>dicta</strong></span> <span class='ocrx_word' id='word_1_49' title='bbox 1312 1381 1329 1412; x_wconf 87' lang='lat'><strong><em>,</em></strong></span> <span class='ocrx_word' id='word_1_50' title='bbox 1361 1356 1589 1397; x_wconf 84' lang='lat' dir='ltr'><strong>cavum</strong></span> <span class='ocrx_word' id='word_1_51' title='bbox 1614 1355 1924 1397; x_wconf 80' lang='lat' dir='ltr'><strong>conversa</strong></span> <span class='ocrx_word' id='word_1_52' title='bbox 1946 1333 2207 1420; x_wconf 87' lang='lat' dir='ltr'><strong>cuspide</strong></span> <span class='ocrx_word' id='word_1_53' title='bbox 2234 1348 2521 1398; x_wconf 88' lang='lat' dir='ltr'><strong>montem</strong></span> 
     </span>
     <span class='ocr_line' id='line_1_8' title="bbox 721 1472 2358 1563; baseline -0.001 -24"><span class='ocrx_word' id='word_1_54' title='bbox 721 1472 989 1563; x_wconf 86' lang='lat' dir='ltr'><strong>Impulit</strong></span> <span class='ocrx_word' id='word_1_55' title='bbox 1009 1476 1078 1538; x_wconf 89' lang='lat' dir='ltr'><strong>in</strong></span> <span class='ocrx_word' id='word_1_56' title='bbox 1102 1474 1270 1538; x_wconf 90' lang='lat' dir='ltr'><strong>latus</strong></span> <span class='ocrx_word' id='word_1_57' title='bbox 1298 1499 1315 1536; x_wconf 74' lang='grc' dir='ltr'><strong>ε</strong></span> <span class='ocrx_word' id='word_1_58' title='bbox 1342 1496 1416 1537; x_wconf 90' lang='lat' dir='ltr'><strong>ac</strong></span> <span class='ocrx_word' id='word_1_59' title='bbox 1439 1474 1650 1545; x_wconf 83' lang='lat' dir='ltr'><strong>venti,</strong></span> <span class='ocrx_word' id='word_1_60' title='bbox 1678 1473 1856 1537; x_wconf 83' lang='lat' dir='ltr'><strong>velut</strong></span> <span class='ocrx_word' id='word_1_61' title='bbox 1878 1475 2129 1559; x_wconf 82' lang='lat' dir='ltr'><strong>agmine</strong></span> <span class='ocrx_word' id='word_1_62' title='bbox 2152 1475 2321 1539; x_wconf 85' lang='lat' dir='ltr'><strong>facto</strong></span> <span class='ocrx_word' id='word_1_63' title='bbox 2341 1521 2358 1552; x_wconf 91' lang='lat'><strong><em>,</em></strong></span> 
     </span>
     <span class='ocr_line' id='line_1_9' title="bbox 731 1612 2488 1702; baseline -0.002 -24"><span class='ocrx_word' id='word_1_64' title='bbox 731 1619 875 1699; x_wconf 85' lang='lat' dir='ltr'><strong>Qua</strong></span> <span class='ocrx_word' id='word_1_65' title='bbox 899 1615 1046 1680; x_wconf 89' lang='lat' dir='ltr'><strong>data</strong></span> <span class='ocrx_word' id='word_1_66' title='bbox 1066 1625 1258 1702; x_wconf 86' lang='lat' dir='ltr'><strong>porta</strong></span> <span class='ocrx_word' id='word_1_67' title='bbox 1279 1661 1296 1689; x_wconf 90' lang='lat'>,</span> <span class='ocrx_word' id='word_1_68' title='bbox 1324 1628 1525 1677; x_wconf 89' lang='lat' dir='ltr'><strong>ruunt</strong></span> <span class='ocrx_word' id='word_1_69' title='bbox 1543 1660 1560 1689; x_wconf 95' lang='lat'>‚</span> <span class='ocrx_word' id='word_1_70' title='bbox 1590 1627 1655 1675; x_wconf 89' lang='lat' dir='ltr'><strong>et</strong></span> <span class='ocrx_word' id='word_1_71' title='bbox 1678 1628 1883 1675; x_wconf 87' lang='lat' dir='ltr'><strong>terras</strong></span> <span class='ocrx_word' id='word_1_72' title='bbox 1905 1612 2167 1676; x_wconf 90' lang='lat' dir='ltr'><strong>turbine</strong></span> <span class='ocrx_word' id='word_1_73' title='bbox 2188 1612 2488 1698; x_wconf 86' lang='lat' dir='ltr'><strong>perflant.</strong></span> 
     </span>
     <span class='ocr_line' id='line_1_10' title="bbox 726 1752 2189 1837; baseline -0.001 -22"><span class='ocrx_word' id='word_1_74' title='bbox 726 1754 1089 1817; x_wconf 87' lang='lat' dir='ltr'><strong>Incubuere</strong></span> <span class='ocrx_word' id='word_1_75' title='bbox 1110 1753 1273 1816; x_wconf 88' lang='lat' dir='ltr'><strong>mari</strong></span> <span class='ocrx_word' id='word_1_76' title='bbox 1293 1800 1310 1831; x_wconf 91' lang='lat'><strong>,</strong></span> <span class='ocrx_word' id='word_1_77' title='bbox 1342 1768 1684 1837; x_wconf 88' lang='lat' dir='ltr'><strong>totumque</strong></span> <span class='ocrx_word' id='word_1_78' title='bbox 1707 1774 1744 1813; x_wconf 91' lang='lat' dir='ltr'><strong>a</strong></span> <span class='ocrx_word' id='word_1_79' title='bbox 1766 1752 2022 1815; x_wconf 87' lang='lat' dir='ltr'><strong>sedibus</strong></span> <span class='ocrx_word' id='word_1_80' title='bbox 2048 1752 2189 1815; x_wconf 90' lang='lat' dir='ltr'><strong>imis</strong></span> 
     </span>
     <span class='ocr_line' id='line_1_11' title="bbox 725 1892 2565 1985; baseline -0.002 -27"><span class='ocrx_word' id='word_1_81' title='bbox 725 1898 867 1959; x_wconf 88' lang='lat' dir='ltr'><strong>Una</strong></span> <span class='ocrx_word' id='word_1_82' title='bbox 895 1896 1231 1985; x_wconf 88' lang='lat' dir='ltr'><strong>Eurusque</strong></span> <span class='ocrx_word' id='word_1_83' title='bbox 1255 1895 1585 1977; x_wconf 84' lang='lat' dir='ltr'><strong>Notusque</strong></span> <span class='ocrx_word' id='word_1_84' title='bbox 1609 1906 1810 1954; x_wconf 91' lang='lat' dir='ltr'><strong>ruunt</strong></span> <span class='ocrx_word' id='word_1_85' title='bbox 1828 1938 1848 1971; x_wconf 91' lang='lat'>‚</span> <span class='ocrx_word' id='word_1_86' title='bbox 1882 1892 2241 1979; x_wconf 89' lang='lat' dir='ltr'><strong>creberque</strong></span> <span class='ocrx_word' id='word_1_87' title='bbox 2264 1892 2565 1978; x_wconf 89' lang='lat' dir='ltr'><strong>procellis</strong></span> 
     </span>
     <span class='ocr_line' id='line_1_12' title="bbox 729 2029 2299 2105; baseline 0 -12"><span class='ocrx_word' id='word_1_88' title='bbox 729 2031 1016 2105; x_wconf 79' lang='lat' dir='ltr'><strong>Africus;</strong></span> <span class='ocrx_word' id='word_1_89' title='bbox 1055 2045 1120 2093; x_wconf 85' lang='lat' dir='ltr'><strong>et</strong></span> <span class='ocrx_word' id='word_1_90' title='bbox 1144 2044 1356 2094; x_wconf 87' lang='lat' dir='ltr'><strong>vastos</strong></span> <span class='ocrx_word' id='word_1_91' title='bbox 1390 2029 1664 2094; x_wconf 84' lang='lat' dir='ltr'><strong>volvunt</strong></span> <span class='ocrx_word' id='word_1_92' title='bbox 1684 2030 1764 2093; x_wconf 90' lang='lat' dir='ltr'><strong>ad</strong></span> <span class='ocrx_word' id='word_1_93' title='bbox 1793 2029 2014 2095; x_wconf 88' lang='lat' dir='ltr'><strong>littora</strong></span> <span class='ocrx_word' id='word_1_94' title='bbox 2046 2031 2299 2095; x_wconf 78' lang='lat' dir='ltr'><strong>fluctus,</strong></span> 
     </span>
     <span class='ocr_line' id='line_1_13' title="bbox 725 2168 2575 2256; baseline 0.001 -24"><span class='ocrx_word' id='word_1_95' title='bbox 725 2169 1097 2255; x_wconf 88' lang='lat' dir='ltr'><strong>Insequitur</strong></span> <span class='ocrx_word' id='word_1_96' title='bbox 1121 2169 1493 2254; x_wconf 87' lang='lat' dir='ltr'><strong>clamorque</strong></span> <span class='ocrx_word' id='word_1_97' title='bbox 1520 2170 1733 2234; x_wconf 83' lang='lat' dir='ltr'><strong>virum</strong></span> <span class='ocrx_word' id='word_1_98' title='bbox 1757 2218 1775 2248; x_wconf 95' lang='lat'>‚</span> <span class='ocrx_word' id='word_1_99' title='bbox 1803 2168 2173 2256; x_wconf 88' lang='lat' dir='ltr'><strong>stridorque</strong></span> <span class='ocrx_word' id='word_1_100' title='bbox 2202 2171 2575 2237; x_wconf 71' lang='lat' dir='ltr'><strong>rudentum·</strong></span> 
     </span>
     <span class='ocr_line' id='line_1_14' title="bbox 725 2307 2221 2397; baseline 0 -24"><span class='ocrx_word' id='word_1_101' title='bbox 725 2309 1028 2396; x_wconf 88' lang='lat' dir='ltr'><strong>Eripiunt</strong></span> <span class='ocrx_word' id='word_1_102' title='bbox 1055 2308 1271 2373; x_wconf 88' lang='lat' dir='ltr'><strong>subito</strong></span> <span class='ocrx_word' id='word_1_103' title='bbox 1293 2307 1502 2371; x_wconf 91' lang='lat' dir='ltr'><strong>nubes</strong></span> <span class='ocrx_word' id='word_1_104' title='bbox 1531 2307 1895 2397; x_wconf 70' lang='lat' dir='ltr'><strong>coelumque</strong></span> <span class='ocrx_word' id='word_1_105' title='bbox 1921 2308 2221 2395; x_wconf 89' lang='lat' dir='ltr'><strong>diemque</strong></span> 
     </span>
     <span class='ocr_line' id='line_1_15' title="bbox 725 2448 2389 2533; baseline 0 -21"><span class='ocrx_word' id='word_1_106' title='bbox 725 2452 1123 2513; x_wconf 86' lang='lat' dir='ltr'><strong>Teucrorum</strong></span> <span class='ocrx_word' id='word_1_107' title='bbox 1154 2472 1233 2514; x_wconf 84' lang='lat' dir='ltr'><strong>ex</strong></span> <span class='ocrx_word' id='word_1_108' title='bbox 1259 2448 1462 2513; x_wconf 91' lang='lat' dir='ltr'><strong>oculis</strong></span> <span class='ocrx_word' id='word_1_109' title='bbox 1489 2471 1505 2510; x_wconf 71' lang='grc' dir='ltr'><em>ε</em></span> <span class='ocrx_word' id='word_1_110' title='bbox 1535 2462 1743 2533; x_wconf 89' lang='lat' dir='ltr'><strong>ponto</strong></span> <span class='ocrx_word' id='word_1_111' title='bbox 1774 2469 1905 2511; x_wconf 87' lang='lat' dir='ltr'><strong>nox</strong></span> <span class='ocrx_word' id='word_1_112' title='bbox 1935 2449 2200 2512; x_wconf 89' lang='lat' dir='ltr'><strong>incubat</strong></span> <span class='ocrx_word' id='word_1_113' title='bbox 2228 2465 2389 2512; x_wconf 88' lang='lat' dir='ltr'><strong>atra.</strong></span> 
     </span>
     <span class='ocr_line' id='line_1_16' title="bbox 725 2586 2419 2674; baseline 0.002 -24"><span class='ocrx_word' id='word_1_114' title='bbox 725 2591 1078 2652; x_wconf 91' lang='lat' dir='ltr'><strong>Intonuere</strong></span> <span class='ocrx_word' id='word_1_115' title='bbox 1103 2586 1272 2673; x_wconf 91' lang='lat' dir='ltr'><strong>poli,</strong></span> <span class='ocrx_word' id='word_1_116' title='bbox 1311 2603 1377 2651; x_wconf 89' lang='lat' dir='ltr'><strong>et</strong></span> <span class='ocrx_word' id='word_1_117' title='bbox 1402 2587 1650 2650; x_wconf 86' lang='lat' dir='ltr'><strong>crebris</strong></span> <span class='ocrx_word' id='word_1_118' title='bbox 1676 2586 1870 2650; x_wconf 87' lang='lat' dir='ltr'><strong>micat</strong></span> <span class='ocrx_word' id='word_1_119' title='bbox 1893 2589 2149 2674; x_wconf 82' lang='lat' dir='ltr'><strong>ignibus</strong></span> <span class='ocrx_word' id='word_1_120' title='bbox 2176 2589 2376 2653; x_wconf 84' lang='lat' dir='ltr'><strong>aether</strong></span> <span class='ocrx_word' id='word_1_121' title='bbox 2403 2615 2419 2652; x_wconf 76' lang='grc' dir='ltr'><em>τ</em></span> 
     </span>
     <span class='ocr_line' id='line_1_17' title="bbox 724 2727 2353 2813; baseline 0 -21"><span class='ocrx_word' id='word_1_122' title='bbox 724 2733 1246 2813; x_wconf 84' lang='lat' dir='ltr'><strong>Praesentemque</strong></span> <span class='ocrx_word' id='word_1_123' title='bbox 1272 2727 1426 2791; x_wconf 82' lang='lat' dir='ltr'><strong>viris</strong></span> <span class='ocrx_word' id='word_1_124' title='bbox 1447 2727 1776 2792; x_wconf 89' lang='lat' dir='ltr'><strong>intentant</strong></span> <span class='ocrx_word' id='word_1_125' title='bbox 1803 2730 2022 2792; x_wconf 90' lang='lat' dir='ltr'><strong>omnia</strong></span> <span class='ocrx_word' id='word_1_126' title='bbox 2049 2745 2353 2795; x_wconf 85' lang='lat' dir='ltr'><strong>mortem.</strong></span> 
     </span>
     <span class='ocr_line' id='line_1_18' title="bbox 811 2867 2390 2955; baseline 0.003 -24"><span class='ocrx_word' id='word_1_127' title='bbox 811 2867 1152 2954; x_wconf 87' lang='lat' dir='ltr'><strong>Extemplo</strong></span> <span class='ocrx_word' id='word_1_128' title='bbox 1178 2869 1391 2931; x_wconf 82' lang='lat' dir='ltr'><strong>AEneae</strong></span> <span class='ocrx_word' id='word_1_129' title='bbox 1425 2867 1768 2932; x_wconf 82' lang='lat' dir='ltr'><strong>solvuntur</strong></span> <span class='ocrx_word' id='word_1_130' title='bbox 1790 2868 2035 2955; x_wconf 86' lang='lat' dir='ltr'><strong>frigore</strong></span> <span class='ocrx_word' id='word_1_131' title='bbox 2055 2872 2348 2935; x_wconf 88' lang='lat' dir='ltr'><strong>membra</strong></span> <span class='ocrx_word' id='word_1_132' title='bbox 2373 2897 2390 2934; x_wconf 74' lang='grc' dir='ltr'><strong><em>ε</em></strong></span> 
     </span>
     <span class='ocr_line' id='line_1_19' title="bbox 722 3006 2455 3097; baseline 0.002 -26"><span class='ocrx_word' id='word_1_133' title='bbox 722 3009 1000 3093; x_wconf 86' lang='lat' dir='ltr'><strong>Ingemit</strong></span> <span class='ocrx_word' id='word_1_134' title='bbox 1018 3056 1036 3087; x_wconf 92' lang='lat'>,</span> <span class='ocrx_word' id='word_1_135' title='bbox 1071 3022 1138 3071; x_wconf 89' lang='lat' dir='ltr'><strong>et</strong></span> <span class='ocrx_word' id='word_1_136' title='bbox 1157 3054 1174 3085; x_wconf 91' lang='lat'><strong><em>,</em></strong></span> <span class='ocrx_word' id='word_1_137' title='bbox 1201 3006 1490 3094; x_wconf 90' lang='lat' dir='ltr'><strong>duplices</strong></span> <span class='ocrx_word' id='word_1_138' title='bbox 1514 3008 1789 3071; x_wconf 88' lang='lat' dir='ltr'><strong>tendens</strong></span> <span class='ocrx_word' id='word_1_139' title='bbox 1823 3008 1905 3071; x_wconf 91' lang='lat' dir='ltr'><strong>ad</strong></span> <span class='ocrx_word' id='word_1_140' title='bbox 1936 3008 2146 3072; x_wconf 89' lang='lat' dir='ltr'><strong>sidera</strong></span> <span class='ocrx_word' id='word_1_141' title='bbox 2177 3011 2417 3097; x_wconf 89' lang='lat' dir='ltr'><strong>palmas</strong></span> <span class='ocrx_word' id='word_1_142' title='bbox 2437 3058 2455 3089; x_wconf 92' lang='lat'>,</span> 
     </span>
     <span class='ocr_line' id='line_1_20' title="bbox 724 3142 2304 3233; baseline 0.001 -26"><span class='ocrx_word' id='word_1_143' title='bbox 724 3142 900 3207; x_wconf 89' lang='lat' dir='ltr'><strong>Talia</strong></span> <span class='ocrx_word' id='word_1_144' title='bbox 922 3167 1080 3209; x_wconf 83' lang='lat' dir='ltr'><strong>voce</strong></span> <span class='ocrx_word' id='word_1_145' title='bbox 1103 3144 1305 3208; x_wconf 87' lang='lat' dir='ltr'><strong>refert</strong></span> <span class='ocrx_word' id='word_1_146' title='bbox 1334 3168 1350 3206; x_wconf 74' lang='grc' dir='ltr'><strong><em>ε</em></strong></span> <span class='ocrx_word' id='word_1_147' title='bbox 1381 3147 1440 3209; x_wconf 91' lang='grc' dir='ltr'><strong>Ο</strong></span> <span class='ocrx_word' id='word_1_148' title='bbox 1483 3162 1715 3232; x_wconf 89' lang='lat' dir='ltr'><strong>terque</strong></span> <span class='ocrx_word' id='word_1_149' title='bbox 1747 3161 2106 3233; x_wconf 83' lang='lat' dir='ltr'><strong>quaterque</strong></span> <span class='ocrx_word' id='word_1_150' title='bbox 2129 3148 2304 3213; x_wconf 91' lang='lat' dir='ltr'><strong>beati</strong></span> 
     </span>
     <span class='ocr_line' id='line_1_21' title="bbox 727 3284 2506 3372; baseline 0.004 -26"><span class='ocrx_word' id='word_1_151' title='bbox 727 3284 928 3367; x_wconf 88' lang='lat' dir='ltr'><strong>Queis</strong></span> <span class='ocrx_word' id='word_1_152' title='bbox 958 3299 1108 3349; x_wconf 89' lang='lat' dir='ltr'><strong>ante</strong></span> <span class='ocrx_word' id='word_1_153' title='bbox 1131 3307 1246 3349; x_wconf 90' lang='lat' dir='ltr'><strong>ora</strong></span> <span class='ocrx_word' id='word_1_154' title='bbox 1275 3300 1535 3371; x_wconf 89' lang='lat' dir='ltr'><strong>patrum</strong></span> <span class='ocrx_word' id='word_1_155' title='bbox 1557 3334 1575 3365; x_wconf 93' lang='lat'>,</span> <span class='ocrx_word' id='word_1_156' title='bbox 1601 3289 1811 3372; x_wconf 84' lang='lat' dir='ltr'><strong>Trojae</strong></span> <span class='ocrx_word' id='word_1_157' title='bbox 1834 3288 1952 3353; x_wconf 93' lang='lat' dir='ltr'><strong>sub</strong></span> <span class='ocrx_word' id='word_1_158' title='bbox 1983 3288 2302 3352; x_wconf 90' lang='lat' dir='ltr'><strong>moenibus</strong></span> <span class='ocrx_word' id='word_1_159' title='bbox 2330 3287 2474 3352; x_wconf 85' lang='lat' dir='ltr'><strong>altis</strong></span> <span class='ocrx_word' id='word_1_160' title='bbox 2489 3337 2506 3368; x_wconf 90' lang='lat'><strong><em>,</em></strong></span> 
     </span>
     <span class='ocr_line' id='line_1_22' title="bbox 726 3424 2409 3513; baseline 0.002 -25"><span class='ocrx_word' id='word_1_161' title='bbox 726 3424 1020 3511; x_wconf 86' lang='lat' dir='ltr'><strong>Contigit</strong></span> <span class='ocrx_word' id='word_1_162' title='bbox 1047 3429 1393 3513; x_wconf 83' lang='lat' dir='ltr'><strong>oppetere!</strong></span> <span class='ocrx_word' id='word_1_163' title='bbox 1422 3427 1481 3489; x_wconf 91' lang='grc' dir='ltr'><strong>Ο</strong></span> <span class='ocrx_word' id='word_1_164' title='bbox 1514 3429 1810 3491; x_wconf 89' lang='lat' dir='ltr'><strong>Danaum</strong></span> <span class='ocrx_word' id='word_1_165' title='bbox 1832 3426 2175 3492; x_wconf 88' lang='lat' dir='ltr'><strong>fortissime</strong></span> <span class='ocrx_word' id='word_1_166' title='bbox 2198 3426 2409 3513; x_wconf 83' lang='lat' dir='ltr'><strong>gentis</strong></span> 
     </span>
     <span class='ocr_line' id='line_1_23' title="bbox 723 3546 2130 3653; baseline 0.001 -23"><span class='ocrx_word' id='word_1_167' title='bbox 723 3564 968 3651; x_wconf 80' lang='lat' dir='ltr'><strong>Tydide</strong></span> <span class='ocrx_word' id='word_1_168' title='bbox 987 3610 1004 3642; x_wconf 93' lang='lat'><strong>,</strong></span> <span class='ocrx_word' id='word_1_169' title='bbox 1038 3587 1226 3629; x_wconf 89' lang='lat' dir='ltr'><strong>mene</strong></span> <span class='ocrx_word' id='word_1_170' title='bbox 1252 3564 1458 3628; x_wconf 90' lang='lat' dir='ltr'><strong>Iliacis</strong></span> <span class='ocrx_word' id='word_1_171' title='bbox 1479 3546 1867 3630; x_wconf 84' lang='lat' dir='ltr'><strong>occumbere</strong></span> <span class='ocrx_word' id='word_1_172' title='bbox 1892 3568 2130 3653; x_wconf 86' lang='lat' dir='ltr'><strong>campis</strong></span> 
     </span>
     <span class='ocr_line' id='line_1_24' title="bbox 726 3704 2648 3791; baseline 0.003 -22"><span class='ocrx_word' id='word_1_173' title='bbox 726 3708 872 3770; x_wconf 90' lang='lat' dir='ltr'><strong>Non</strong></span> <span class='ocrx_word' id='word_1_174' title='bbox 901 3704 1184 3791; x_wconf 84' lang='lat' dir='ltr'><strong>potuisse</strong></span> <span class='ocrx_word' id='word_1_175' title='bbox 1203 3750 1220 3779; x_wconf 94' lang='lat'>‚</span> <span class='ocrx_word' id='word_1_176' title='bbox 1258 3719 1494 3790; x_wconf 85' lang='lat' dir='ltr'><strong>tuaque</strong></span> <span class='ocrx_word' id='word_1_177' title='bbox 1524 3704 1804 3768; x_wconf 89' lang='lat' dir='ltr'><strong>animam</strong></span> <span class='ocrx_word' id='word_1_178' title='bbox 1834 3705 2003 3770; x_wconf 88' lang='lat' dir='ltr'><strong>hanc</strong></span> <span class='ocrx_word' id='word_1_179' title='bbox 2032 3707 2368 3773; x_wconf 86' lang='lat' dir='ltr'><strong>effundere</strong></span> <span class='ocrx_word' id='word_1_180' title='bbox 2393 3710 2613 3773; x_wconf 84' lang='lat' dir='ltr'><strong>dextra</strong></span> <span class='ocrx_word' id='word_1_181' title='bbox 2630 3757 2648 3786; x_wconf 89' lang='lat'>,</span> 
     </span>
     <span class='ocr_line' id='line_1_25' title="bbox 725 3842 2423 3935; baseline 0.003 -27"><span class='ocrx_word' id='word_1_182' title='bbox 725 3846 944 3908; x_wconf 83' lang='lat' dir='ltr'><strong>Saevus</strong></span> <span class='ocrx_word' id='word_1_183' title='bbox 968 3842 1080 3906; x_wconf 92' lang='lat' dir='ltr'><strong>ubi</strong></span> <span class='ocrx_word' id='word_1_184' title='bbox 1111 3842 1380 3905; x_wconf 84' lang='lat' dir='ltr'><strong>AEacidae</strong></span> <span class='ocrx_word' id='word_1_185' title='bbox 1401 3842 1535 3909; x_wconf 88' lang='lat' dir='ltr'><strong>telo</strong></span> <span class='ocrx_word' id='word_1_186' title='bbox 1550 3845 1723 3927; x_wconf 87' lang='lat' dir='ltr'><strong>jacet</strong></span> <span class='ocrx_word' id='word_1_187' title='bbox 1750 3847 2019 3923; x_wconf 88' lang='lat' dir='ltr'><strong>Hector,</strong></span> <span class='ocrx_word' id='word_1_188' title='bbox 2056 3847 2170 3911; x_wconf 93' lang='lat' dir='ltr'><strong>ubi</strong></span> <span class='ocrx_word' id='word_1_189' title='bbox 2194 3848 2423 3935; x_wconf 88' lang='lat' dir='ltr'><strong>ingens</strong></span> 
     </span>
     <span class='ocr_line' id='line_1_26' title="bbox 726 3979 2337 4071; baseline 0.004 -27"><span class='ocrx_word' id='word_1_190' title='bbox 726 3980 1064 4067; x_wconf 89' lang='lat' dir='ltr'><strong>Sarpedon</strong></span> <span class='ocrx_word' id='word_1_191' title='bbox 1084 4026 1106 4058; x_wconf 85' lang='lat'><strong>,</strong></span> <span class='ocrx_word' id='word_1_192' title='bbox 1134 3979 1248 4043; x_wconf 89' lang='lat' dir='ltr'><strong>ubi</strong></span> <span class='ocrx_word' id='word_1_193' title='bbox 1279 3995 1380 4043; x_wconf 89' lang='lat' dir='ltr'><strong>tot</strong></span> <span class='ocrx_word' id='word_1_194' title='bbox 1405 3981 1640 4045; x_wconf 80' lang='lat' dir='ltr'><strong>Simoi&#39;s</strong></span> <span class='ocrx_word' id='word_1_195' title='bbox 1670 4000 1971 4071; x_wconf 89' lang='lat' dir='ltr'><strong>correpta</strong></span> <span class='ocrx_word' id='word_1_196' title='bbox 2003 3986 2124 4049; x_wconf 90' lang='lat' dir='ltr'><strong>sub</strong></span> <span class='ocrx_word' id='word_1_197' title='bbox 2149 3986 2337 4051; x_wconf 91' lang='lat' dir='ltr'><strong>undis</strong></span> 
     </span>
    </p>
   </div>
   <div class='ocr_carea' id='block_1_3' title="bbox 723 4118 2501 4210">
    <p class='ocr_par' dir='ltr' id='par_1_3' title="bbox 723 4118 2501 4210">
     <span class='ocr_line' id='line_1_27' title="bbox 723 4118 2501 4210; baseline 0.002 -29"><span class='ocrx_word' id='word_1_198' title='bbox 723 4121 915 4181; x_wconf 86' lang='lat' dir='ltr'><strong>Scuta</strong></span> <span class='ocrx_word' id='word_1_199' title='bbox 943 4118 1150 4181; x_wconf 89' lang='lat' dir='ltr'><strong>virum</strong></span> <span class='ocrx_word' id='word_1_200' title='bbox 1177 4118 1516 4205; x_wconf 85' lang='lat' dir='ltr'><strong>galeasque</strong></span> <span class='ocrx_word' id='word_1_201' title='bbox 1546 4120 1833 4195; x_wconf 81' lang='lat' dir='ltr'><strong>etsortia</strong></span> <span class='ocrx_word' id='word_1_202' title='bbox 1864 4145 2141 4210; x_wconf 89' lang='lat' dir='ltr'><strong>corpora</strong></span> <span class='ocrx_word' id='word_1_203' title='bbox 2164 4125 2400 4199; x_wconf 64' lang='lat' dir='ltr'><strong>volvit}</strong></span> <span class='ocrx_word' id='word_1_204' title='bbox 2448 4157 2501 4195; x_wconf 67' lang='grc' dir='ltr'><strong>ι»,</strong></span> 
     </span>
    </p>
   </div>
  </div>
 </body>
</html>
