3059 4809
605 450 723 512 152
1082 444 1553 509 AENEIDOS
1615 444 1906 507 LIBER
1965 444 2062 504 11.
2378 431 2568 493 v.3o'4·

592 580 671 640 In
701 588 984 659 segetem
1012 571 1215 636 veluti
1242 594 1391 635 eum
1416 571 1670 637 flamma
1699 571 2066 637 furentibus
2097 570 2344 637 Austris
2357 570 2416 611 ²⁰

593 711 861 789 Incidit,
897 724 1006 774 aut
1036 708 1297 797 rapidus
1327 724 1642 777 montano
1675 709 1941 773 flumine
1976 724 2236 773 torrens

599 850 849 913 Sternit
878 871 1095 935 εει-οε,
1131 846 1364 911 sternit
1395 861 1529 909 sata
1557 845 1700 909 laeta
1725 895 1742 925 ,
1779 846 2108 931 boumque
2140 846 2392 909 labores
2411 892 2428 921 ‚

594 982 1095 1077 Praecip‘itesque
1122 987 1320 1051 trahit
1343 986 1566 1063 silvas;
1597 1001 1815 1073 stupet
1844 986 2080 1049 inscius
2108 984 2242 1048 alto

593 1128 930 1216 Accipiens
956 1128 1243 1193 sonitum
1272 1126 1405 1189 saxi
1436 1124 1518 1189 de
1549 1124 1794 1189 vertice
1821 1138 2066 1211 pastor.

593 1270 753 1330 Tum
785 1287 941 1329 vero
970 1264 1304 1329 manifesta
1332 1262 1491 1325 fides
1512 1310 1529 1341 ‚
1569 1265 1991 1347 Danaumque
2023 1274 2364 1346 patescunt

596 1401 846 1466 Insidiae
874 1404 1044 1486 :jam
1076 1400 1403 1488 Deiphobi
1433 1400 1616 1465 dedit
1647 1397 1856 1484 ampla
1889 1398 2142 1461 ruinam
2167 1445 2184 1475 ‚

597 1542 887 1607 Vulcano
918 1555 1261 1632 superante
1283 1588 1301 1619 ,
1332 1541 1598 1611 domusz
1623 1541 1759 1624 jam
1790 1532 2126 1625 proximus
2147 1534 2329 1600 ardet

598 1682 953 1767 Ucalegom
992 1682 1177 1767 Sigea
1204 1681 1341 1767 igni
1369 1680 1535 1744 freta
1565 1679 1692 1743 lata
1718 1677 2037 1741 relucent.

598 1819 903 1883 Exoritur
928 1818 1299 1905 clamorque
1324 1819 1538 1883 virum
1566 1818 1964 1902 clangorque
1997 1816 2320 1881 tubarum.

597 1956 795 2017 Arma
818 1976 1037 2017 amens
1066 1957 1247 2043 capio
1272 1981 1289 2018 ε
1316 1978 1438 2020 nec
1466 1970 1564 2019 sat
1589 1920 1860 2019 rationis
1889 1955 1960 2018 in
1987 1956 2212 2031 armis3

600 2091 730 2156 Sed
756 2090 1117 2175 glomerare
1146 2115 1406 2156 manum
1433 2093 1610 2158 bello
1631 2141 1648 2172 ,
1684 2109 1749 2157 et
1774 2115 2166 2156 concurrere
2198 2091 2265 2155 in
2294 2114 2509 2156 arcem

603 2226 768 2289 Cum
797 2223 985 2289 sociis
1008 2225 1237 2289 ardent
1268 2228 1463 2291 animi
1491 2253 1506 2289 ε
1537 2228 1722 2292 furor
1751 2228 1974 2315 iraque
2004 2243 2287 2291 mentem

601 2363 1061 2452 Praecipitant3
1095 2364 1571 2451 pulchrumque
1599 2368 1770 2431 mori
1799 2366 2116 2431 succurrit
2141 2367 2210 2431 in
2237 2366 2455 2431 armis.

684 2554 848 2617 Ecce
875 2568 1091 2617 autem
1121 2552 1265 2617 telis
1298 2554 1588 2617 Panthus
1614 2555 1866 2642 elapsus
1899 2556 2216 2621 Achivum
2236 2559 2318 2635 ²¹,

599 2690 887 2755 Panthus
920 2691 1289 2776 Othryades
1309 2740 1327 2771 ,
1360 2696 1523 2759 arcis
1555 2696 1916 2783 Phoebique
1948 2694 2242 2759 sacerdos
2260 2742 2277 2773 ‚

601 2829 795 2891 Sacra
820 2848 1015 2893 manu
1031 2874 1049 2904 ,
1085 2829 1419 2916 victosque
1448 2830 1606 2897 deos
1628 2880 1643 2909 ,
1677 2820 2078 2919 parvumque
2108 2847 2410 2919 nepotem
2431 2879 2449 2908 ,

597 2972 741 3052 Ipse
770 2966 967 3030 trahit
989 3015 1007 3046 ,
1045 2990 1369 3054 cursuque
1400 2953 1624 3035 amens
1657 2972 1739 3035 ad
1767 2972 1990 3035 limina
2020 2972 2252 3035 tendit.

603 3132 631 3161 α
656 3107 806 3187 Quo
829 3126 933 3168 res
958 3090 1203 3172 summa
1226 3107 1373 3171 loco
1388 3155 1404 3185 ,
1428 3110 1728 3173 Panthu?
1751 3132 1943 3195 quam
1965 3108 2339 3195 prendimus
2360 3109 2612 3171 arcem?
2631 3138 2660 3166 ι»

599 3242 721 3306 Vix
750 3264 825 3305 ea
852 3243 1019 3307 fatus
1048 3268 1223 3309 eram
1245 3294 1264 3325 ‚
1298 3248 1542 3333 gemitu
1578 3269 1727 3311 cum
1763 3246 1913 3311 talia
1941 3244 2193 3312 reddit:

610 3408 637 3436 α
669 3382 863 3445 Venit
886 3405 1129 3447 summa
1154 3385 1289 3452 dies
1308 3401 1378 3451 et
1400 3386 1814 3451 ineluctabile
1838 3401 2090 3471 tempus

600 3515 940 3581 Dardanioe
962 3542 978 3580 t
1006 3519 1242 3585 fuimus
1262 3525 1493 3598 Troes3
1520 3522 1646 3585 fuit
1666 3522 1855 3586 Ilium
1873 3569 1891 3599 ,
1927 3537 1994 3585 et
2015 3522 2245 3607 ingens

603 3647 827 3737 Gloria
846 3658 1240 3721 Teucrorum
1269 3681 1284 3720 z
1321 3658 1496 3722 ferus
1520 3659 1736 3721 omnia
1762 3658 2020 3744 Jupiter
2046 3660 2252 3743 Argos

599 3788 991 3852 Transtulit:
1026 3790 1284 3859 incensa
1317 3796 1522 3858 Danai
1554 3795 1973 3859 dominantur
1996 3796 2063 3857 in
2086 3795 2271 3858 urbe.

598 3920 853 3984 Arduus
876 3942 1151 3991 armatos
1178 3930 1402 3999 mediis
1432 3933 1500 3997 in
1532 3933 1857 3997 moenibus
1888 3931 2146 3996 adstans

601 4058 837 4123 Fundit
860 4052 1097 4147 equus;
1133 4064 1469 4152 victorque
1494 4072 1704 4135 Sinon
1727 4071 2024 4137 incendia
2049 4072 2276 4140 miscet
