<?xml version="1.0" encoding="UTF-8"?>
<!DOCTYPE html PUBLIC "-//W3C//DTD XHTML 1.0 Transitional//EN"
    "http://www.w3.org/TR/xhtml1/DTD/xhtml1-transitional.dtd">
<html xmlns="http://www.w3.org/1999/xhtml" xml:lang="en" lang="en">
 <head>
  <title>
</title>
<meta http-equiv="Content-Type" content="text/html;charset=utf-8" />
  <meta name='ocr-system' content='tesseract 3.04.00' />
  <meta name='ocr-capabilities' content='ocr_page ocr_carea ocr_par ocr_line ocrx_word'/>
</head>
<body>
  <div class='ocr_page' id='page_1' title='image "./oeuvresdedelill02virggoog_0252.png"; bbox 0 0 3059 4809; ppageno 0'>
   <div class='ocr_carea' id='block_1_1' title="bbox 772 447 2601 2332">
    <p class='ocr_par' dir='ltr' id='par_1_1' title="bbox 779 447 2279 514">
     <span class='ocr_line' id='line_1_1' title="bbox 779 447 2279 514; baseline -0.004 0"><span class='ocrx_word' id='word_1_1' title='bbox 779 452 909 514; x_wconf 69' lang='grc'>244-</span> <span class='ocrx_word' id='word_1_2' title='bbox 1246 447 1716 512; x_wconf 88' lang='lat' dir='ltr'>AENEIDOS</span> <span class='ocrx_word' id='word_1_3' title='bbox 1776 448 2075 511; x_wconf 86' lang='lat' dir='ltr'>LIBER</span> <span class='ocrx_word' id='word_1_4' title='bbox 2136 449 2279 509; x_wconf 80' lang='lat' dir='ltr'>I-H.</span> 
     </span>
    </p>

    <p class='ocr_par' dir='ltr' id='par_1_2' title="bbox 774 581 2544 1085">
     <span class='ocr_line' id='line_1_2' title="bbox 777 581 2343 674; baseline -0.003 -23"><span class='ocrx_word' id='word_1_5' title='bbox 777 585 1040 674; x_wconf 83' lang='lat' dir='ltr'><strong>Impulit</strong></span> <span class='ocrx_word' id='word_1_6' title='bbox 1058 631 1076 663; x_wconf 88' lang='lat'><strong>,</strong></span> <span class='ocrx_word' id='word_1_7' title='bbox 1114 600 1181 649; x_wconf 87' lang='lat' dir='ltr'><strong>et</strong></span> <span class='ocrx_word' id='word_1_8' title='bbox 1210 599 1469 648; x_wconf 89' lang='lat' dir='ltr'><strong>teneras</strong></span> <span class='ocrx_word' id='word_1_9' title='bbox 1500 581 1790 646; x_wconf 84' lang='lat' dir='ltr'><strong>turbavit</strong></span> <span class='ocrx_word' id='word_1_10' title='bbox 1811 584 2009 666; x_wconf 87' lang='lat' dir='ltr'><strong>janua</strong></span> <span class='ocrx_word' id='word_1_11' title='bbox 2036 582 2304 648; x_wconf 87' lang='lat' dir='ltr'><strong>frondes</strong></span> <span class='ocrx_word' id='word_1_12' title='bbox 2323 629 2343 661; x_wconf 86' lang='lat'><strong>,</strong></span> 
     </span>
     <span class='ocr_line' id='line_1_3' title="bbox 774 721 2544 810; baseline -0.001 -22"><span class='ocrx_word' id='word_1_13' title='bbox 774 727 1141 810; x_wconf 87' lang='lat' dir='ltr'><strong>Numquam</strong></span> <span class='ocrx_word' id='word_1_14' title='bbox 1173 723 1410 786; x_wconf 85' lang='lat' dir='ltr'><strong>deinde</strong></span> <span class='ocrx_word' id='word_1_15' title='bbox 1442 745 1603 787; x_wconf 83' lang='lat' dir='ltr'><strong>cavo</strong></span> <span class='ocrx_word' id='word_1_16' title='bbox 1632 721 1974 787; x_wconf 79' lang='lat' dir='ltr'><strong>volitantia</strong></span> <span class='ocrx_word' id='word_1_17' title='bbox 2002 721 2327 809; x_wconf 81' lang='lat' dir='ltr'><strong>prendere</strong></span> <span class='ocrx_word' id='word_1_18' title='bbox 2363 745 2511 787; x_wconf 85' lang='lat' dir='ltr'><strong>saxo</strong></span> <span class='ocrx_word' id='word_1_19' title='bbox 2529 770 2544 800; x_wconf 92' lang='lat'><strong>,</strong></span> 
     </span>
     <span class='ocr_line' id='line_1_4' title="bbox 778 859 2481 946; baseline -0.003 -18"><span class='ocrx_word' id='word_1_20' title='bbox 778 868 911 928; x_wconf 89' lang='lat' dir='ltr'><strong>Nec</strong></span> <span class='ocrx_word' id='word_1_21' title='bbox 940 881 1249 926; x_wconf 84' lang='lat' dir='ltr'><strong>revocare</strong></span> <span class='ocrx_word' id='word_1_22' title='bbox 1281 859 1437 924; x_wconf 87' lang='lat' dir='ltr'><strong>situs</strong></span> <span class='ocrx_word' id='word_1_23' title='bbox 1461 907 1478 938; x_wconf 92' lang='lat'><strong>,</strong></span> <span class='ocrx_word' id='word_1_24' title='bbox 1512 875 1626 923; x_wconf 90' lang='lat' dir='ltr'><strong>aut</strong></span> <span class='ocrx_word' id='word_1_25' title='bbox 1646 861 1924 946; x_wconf 88' lang='lat' dir='ltr'><strong>jungere</strong></span> <span class='ocrx_word' id='word_1_26' title='bbox 1958 859 2243 923; x_wconf 86' lang='lat' dir='ltr'><strong>carmina</strong></span> <span class='ocrx_word' id='word_1_27' title='bbox 2275 876 2481 925; x_wconf 87' lang='lat' dir='ltr'><strong>curat.</strong></span> 
     </span>
     <span class='ocr_line' id='line_1_5' title="bbox 775 999 2388 1085; baseline -0.002 -19"><span class='ocrx_word' id='word_1_28' title='bbox 775 1001 1136 1066; x_wconf 89' lang='lat' dir='ltr'><strong>Inconsulti</strong></span> <span class='ocrx_word' id='word_1_29' title='bbox 1168 1001 1412 1064; x_wconf 85' lang='lat' dir='ltr'><strong>abeunt</strong></span> <span class='ocrx_word' id='word_1_30' title='bbox 1433 1048 1451 1078; x_wconf 93' lang='lat'><strong><em>,</em></strong></span> <span class='ocrx_word' id='word_1_31' title='bbox 1490 999 1836 1085; x_wconf 83' lang='lat' dir='ltr'><strong>sedemque</strong></span> <span class='ocrx_word' id='word_1_32' title='bbox 1871 999 2069 1064; x_wconf 88' lang='lat' dir='ltr'><strong>odere</strong></span> <span class='ocrx_word' id='word_1_33' title='bbox 2100 999 2388 1085; x_wconf 84' lang='lat' dir='ltr'><strong>Sibyllae.</strong></span> 
     </span>
    </p>

    <p class='ocr_par' dir='ltr' id='par_1_3' title="bbox 772 1135 2601 1916">
     <span class='ocr_line' id='line_1_6' title="bbox 778 1135 2427 1227; baseline -0.005 -20"><span class='ocrx_word' id='word_1_34' title='bbox 778 1142 898 1207; x_wconf 88' lang='lat' dir='ltr'><strong>Hic</strong></span> <span class='ocrx_word' id='word_1_35' title='bbox 928 1141 1050 1205; x_wconf 87' lang='lat' dir='ltr'><strong>tibi</strong></span> <span class='ocrx_word' id='word_1_36' title='bbox 1078 1162 1163 1204; x_wconf 91' lang='lat' dir='ltr'><strong>ne</strong></span> <span class='ocrx_word' id='word_1_37' title='bbox 1197 1163 1324 1227; x_wconf 91' lang='lat' dir='ltr'><strong>qua</strong></span> <span class='ocrx_word' id='word_1_38' title='bbox 1352 1159 1552 1202; x_wconf 85' lang='lat' dir='ltr'><strong>morae</strong></span> <span class='ocrx_word' id='word_1_39' title='bbox 1583 1137 1829 1200; x_wconf 86' lang='lat' dir='ltr'><strong>fuerint</strong></span> <span class='ocrx_word' id='word_1_40' title='bbox 1860 1135 2195 1224; x_wconf 90' lang='lat' dir='ltr'><strong>dispendia</strong></span> <span class='ocrx_word' id='word_1_41' title='bbox 2225 1136 2427 1214; x_wconf 89' lang='lat' dir='ltr'><strong>tanti,</strong></span> 
     </span>
     <span class='ocr_line' id='line_1_7' title="bbox 778 1245 2515 1364; baseline -0.003 -23"><span class='ocrx_word' id='word_1_42' title='bbox 778 1278 1093 1362; x_wconf 86' lang='lat' dir='ltr'><strong>Quamvis</strong></span> <span class='ocrx_word' id='word_1_43' title='bbox 1122 1276 1521 1364; x_wconf 87' lang='lat' dir='ltr'><strong>increpitent</strong></span> <span class='ocrx_word' id='word_1_44' title='bbox 1551 1275 1744 1353; x_wconf 92' lang='lat' dir='ltr'><strong>socii,</strong></span> <span class='ocrx_word' id='word_1_45' title='bbox 1779 1290 1846 1338; x_wconf 90' lang='lat' dir='ltr'><strong>et</strong></span> <span class='ocrx_word' id='word_1_46' title='bbox 1873 1275 1939 1339; x_wconf 77' lang='lat' dir='ltr'><strong>vi</strong></span> <span class='ocrx_word' id='word_1_47' title='bbox 1968 1245 2190 1338; x_wconf 84' lang='lat' dir='ltr'><strong>cursus</strong></span> <span class='ocrx_word' id='word_1_48' title='bbox 2218 1274 2287 1337; x_wconf 90' lang='lat' dir='ltr'><strong>in</strong></span> <span class='ocrx_word' id='word_1_49' title='bbox 2317 1272 2515 1337; x_wconf 87' lang='lat' dir='ltr'><strong>altum</strong></span> 
     </span>
     <span class='ocr_line' id='line_1_8' title="bbox 773 1410 2458 1501; baseline -0.001 -24"><span class='ocrx_word' id='word_1_50' title='bbox 773 1414 934 1478; x_wconf 89' lang='lat' dir='ltr'><strong>Vela</strong></span> <span class='ocrx_word' id='word_1_51' title='bbox 962 1428 1153 1479; x_wconf 79' lang='lat' dir='ltr'><strong>vocet</strong></span> <span class='ocrx_word' id='word_1_52' title='bbox 1173 1462 1191 1493; x_wconf 93' lang='lat'>‚</span> <span class='ocrx_word' id='word_1_53' title='bbox 1226 1414 1561 1501; x_wconf 88' lang='lat' dir='ltr'><strong>possisque</strong></span> <span class='ocrx_word' id='word_1_54' title='bbox 1579 1413 1771 1478; x_wconf 84' lang='lat' dir='ltr'><strong>sinus</strong></span> <span class='ocrx_word' id='word_1_55' title='bbox 1797 1410 2071 1499; x_wconf 91' lang='lat' dir='ltr'><strong>implere</strong></span> <span class='ocrx_word' id='word_1_56' title='bbox 2103 1413 2418 1477; x_wconf 88' lang='lat' dir='ltr'><strong>secundos</strong></span> <span class='ocrx_word' id='word_1_57' title='bbox 2442 1461 2458 1491; x_wconf 91' lang='lat'><strong>,</strong></span> 
     </span>
     <span class='ocr_line' id='line_1_9' title="bbox 776 1547 2505 1635; baseline -0.002 -22"><span class='ocrx_word' id='word_1_58' title='bbox 776 1549 958 1634; x_wconf 87' lang='lat' dir='ltr'><strong>Quin</strong></span> <span class='ocrx_word' id='word_1_59' title='bbox 991 1549 1179 1614; x_wconf 80' lang='lat' dir='ltr'><strong>adeas</strong></span> <span class='ocrx_word' id='word_1_60' title='bbox 1211 1564 1418 1615; x_wconf 84' lang='lat' dir='ltr'><strong>vatem</strong></span> <span class='ocrx_word' id='word_1_61' title='bbox 1439 1595 1457 1620; x_wconf 83' lang='lat'>‚</span> <span class='ocrx_word' id='word_1_62' title='bbox 1490 1547 1926 1634; x_wconf 87' lang='lat' dir='ltr'><strong>precibusque</strong></span> <span class='ocrx_word' id='word_1_63' title='bbox 1955 1547 2218 1612; x_wconf 90' lang='lat' dir='ltr'><strong>oracula</strong></span> <span class='ocrx_word' id='word_1_64' title='bbox 2248 1570 2505 1635; x_wconf 86' lang='lat' dir='ltr'><strong>poscas:</strong></span> 
     </span>
     <span class='ocr_line' id='line_1_10' title="bbox 773 1685 2601 1776; baseline -0.004 -23"><span class='ocrx_word' id='word_1_65' title='bbox 773 1692 919 1776; x_wconf 88' lang='lat' dir='ltr'><strong>Ipsa</strong></span> <span class='ocrx_word' id='word_1_66' title='bbox 948 1703 1138 1753; x_wconf 89' lang='lat' dir='ltr'><strong>canat</strong></span> <span class='ocrx_word' id='word_1_67' title='bbox 1154 1735 1172 1767; x_wconf 89' lang='lat'><strong>,</strong></span> <span class='ocrx_word' id='word_1_68' title='bbox 1206 1709 1569 1772; x_wconf 78' lang='lat' dir='ltr'><strong>vocemque</strong></span> <span class='ocrx_word' id='word_1_69' title='bbox 1600 1686 1828 1751; x_wconf 84' lang='lat' dir='ltr'><strong>volens</strong></span> <span class='ocrx_word' id='word_1_70' title='bbox 1860 1701 2056 1772; x_wconf 90' lang='lat' dir='ltr'><strong>atque</strong></span> <span class='ocrx_word' id='word_1_71' title='bbox 2087 1709 2202 1750; x_wconf 89' lang='lat' dir='ltr'><strong>ora</strong></span> <span class='ocrx_word' id='word_1_72' title='bbox 2231 1685 2531 1752; x_wconf 85' lang='lat' dir='ltr'><strong>resolvat.</strong></span> <span class='ocrx_word' id='word_1_73' title='bbox 2593 1707 2601 1715; x_wconf 92' lang='lat'><strong>·</strong></span> 
     </span>
     <span class='ocr_line' id='line_1_11' title="bbox 772 1815 2276 1916; baseline -0.005 -21"><span class='ocrx_word' id='word_1_74' title='bbox 772 1830 893 1895; x_wconf 82' lang='lat' dir='ltr'><strong>Illa</strong></span> <span class='ocrx_word' id='word_1_75' title='bbox 920 1831 1043 1894; x_wconf 88' lang='lat' dir='ltr'><strong>tibi</strong></span> <span class='ocrx_word' id='word_1_76' title='bbox 1071 1829 1269 1894; x_wconf 86' lang='lat' dir='ltr'><strong>Italiae</strong></span> <span class='ocrx_word' id='word_1_77' title='bbox 1297 1827 1610 1916; x_wconf 72' lang='lat' dir='ltr'><strong>populna,</strong></span> <span class='ocrx_word' id='word_1_78' title='bbox 1646 1815 2051 1911; x_wconf 78' lang='lat' dir='ltr'><strong>venturaque</strong></span> <span class='ocrx_word' id='word_1_79' title='bbox 2078 1825 2276 1906; x_wconf 89' lang='lat' dir='ltr'><strong>bella,</strong></span> 
     </span>
    </p>

    <p class='ocr_par' dir='ltr' id='par_1_4' title="bbox 772 1935 2597 2332">
     <span class='ocr_line' id='line_1_12' title="bbox 772 1935 2597 2058; baseline -0.002 -23"><span class='ocrx_word' id='word_1_80' title='bbox 772 1975 859 2034; x_wconf 88' lang='lat' dir='ltr'><strong>Et</strong></span> <span class='ocrx_word' id='word_1_81' title='bbox 880 1993 1011 2058; x_wconf 89' lang='lat' dir='ltr'><strong>quo</strong></span> <span class='ocrx_word' id='word_1_82' title='bbox 1037 1991 1361 2056; x_wconf 88' lang='lat' dir='ltr'><strong>quemque</strong></span> <span class='ocrx_word' id='word_1_83' title='bbox 1382 1935 1581 2032; x_wconf 85' lang='lat' dir='ltr'><strong>modo</strong></span> <span class='ocrx_word' id='word_1_84' title='bbox 1604 1967 1936 2053; x_wconf 85' lang='lat' dir='ltr'><strong>fugiasque</strong></span> <span class='ocrx_word' id='word_1_85' title='bbox 1959 1967 2255 2054; x_wconf 84' lang='lat' dir='ltr'><strong>ferasque</strong></span> <span class='ocrx_word' id='word_1_86' title='bbox 2282 1968 2565 2032; x_wconf 89' lang='lat' dir='ltr'><strong>laborem</strong></span> <span class='ocrx_word' id='word_1_87' title='bbox 2581 2015 2597 2045; x_wconf 89' lang='lat'>,</span> 
     </span>
     <span class='ocr_line' id='line_1_13' title="bbox 775 2105 2430 2198; baseline -0.003 -23"><span class='ocrx_word' id='word_1_88' title='bbox 775 2108 1127 2198; x_wconf 80' lang='lat' dir='ltr'><strong>Expediet3</strong></span> <span class='ocrx_word' id='word_1_89' title='bbox 1162 2128 1513 2191; x_wconf 86' lang='lat' dir='ltr'><strong>cursusque</strong></span> <span class='ocrx_word' id='word_1_90' title='bbox 1544 2105 1725 2170; x_wconf 86' lang='lat' dir='ltr'><strong>dabit</strong></span> <span class='ocrx_word' id='word_1_91' title='bbox 1756 2121 2060 2170; x_wconf 85' lang='lat' dir='ltr'><strong>venerata</strong></span> <span class='ocrx_word' id='word_1_92' title='bbox 2090 2105 2430 2171; x_wconf 77' lang='lat' dir='ltr'><strong>secundos·</strong></span> 
     </span>
     <span class='ocr_line' id='line_1_14' title="bbox 775 2244 2340 2332; baseline -0.004 -18"><span class='ocrx_word' id='word_1_93' title='bbox 775 2253 927 2314; x_wconf 85' lang='lat' dir='ltr'><strong>Haec</strong></span> <span class='ocrx_word' id='word_1_94' title='bbox 952 2262 1105 2312; x_wconf 90' lang='lat' dir='ltr'><strong>sunt</strong></span> <span class='ocrx_word' id='word_1_95' title='bbox 1135 2267 1277 2332; x_wconf 82' lang='lat' dir='ltr'><strong>quae</strong></span> <span class='ocrx_word' id='word_1_96' title='bbox 1306 2260 1529 2309; x_wconf 90' lang='lat' dir='ltr'><strong>nostra</strong></span> <span class='ocrx_word' id='word_1_97' title='bbox 1558 2244 1749 2309; x_wconf 89' lang='lat' dir='ltr'><strong>liceat</strong></span> <span class='ocrx_word' id='word_1_98' title='bbox 1779 2259 1844 2309; x_wconf 87' lang='lat' dir='ltr'><strong>te</strong></span> <span class='ocrx_word' id='word_1_99' title='bbox 1873 2266 2036 2311; x_wconf 85' lang='lat' dir='ltr'><strong>voce</strong></span> <span class='ocrx_word' id='word_1_100' title='bbox 2065 2245 2340 2308; x_wconf 85' lang='lat' dir='ltr'><strong>moneri.</strong></span> 
     </span>
    </p>
   </div>
   <div class='ocr_carea' id='block_1_2' title="bbox 782 2382 2618 2472">
    <p class='ocr_par' dir='ltr' id='par_1_5' title="bbox 782 2382 2618 2472">
     <span class='ocr_line' id='line_1_15' title="bbox 782 2382 2618 2472; baseline -0.003 -21"><span class='ocrx_word' id='word_1_101' title='bbox 782 2386 963 2452; x_wconf 86' lang='lat' dir='ltr'><strong>Vade</strong></span> <span class='ocrx_word' id='word_1_102' title='bbox 986 2407 1103 2472; x_wconf 84' lang='lat' dir='ltr'><strong>age</strong></span> <span class='ocrx_word' id='word_1_103' title='bbox 1124 2433 1141 2464; x_wconf 92' lang='lat'><strong>,</strong></span> <span class='ocrx_word' id='word_1_104' title='bbox 1169 2399 1234 2449; x_wconf 91' lang='lat' dir='ltr'><strong>et</strong></span> <span class='ocrx_word' id='word_1_105' title='bbox 1256 2384 1589 2469; x_wconf 87' lang='lat' dir='ltr'><strong>ingentem</strong></span> <span class='ocrx_word' id='word_1_106' title='bbox 1611 2383 1793 2448; x_wconf 87' lang='lat' dir='ltr'><strong>factis</strong></span> <span class='ocrx_word' id='word_1_107' title='bbox 1815 2382 1914 2447; x_wconf 89' lang='lat' dir='ltr'><strong>fer</strong></span> <span class='ocrx_word' id='word_1_108' title='bbox 1935 2383 2016 2447; x_wconf 92' lang='lat' dir='ltr'><strong>ad</strong></span> <span class='ocrx_word' id='word_1_109' title='bbox 2037 2383 2278 2448; x_wconf 88' lang='lat' dir='ltr'><strong>aethera</strong></span> <span class='ocrx_word' id='word_1_110' title='bbox 2298 2385 2568 2468; x_wconf 83' lang='lat' dir='ltr'><strong>Trojam.</strong></span> <span class='ocrx_word' id='word_1_111' title='bbox 2594 2413 2618 2440; x_wconf 70' lang='lat' dir='ltr'>n</span> 
     </span>
    </p>
   </div>
   <div class='ocr_carea' id='block_1_3' title="bbox 762 2714 2485 4044">
    <p class='ocr_par' dir='ltr' id='par_1_6' title="bbox 768 2714 2485 3352">
     <span class='ocr_line' id='line_1_16' title="bbox 867 2714 2485 2803; baseline -0.001 -22"><span class='ocrx_word' id='word_1_112' title='bbox 867 2721 1030 2801; x_wconf 85' lang='lat' dir='ltr'><strong>Quae</strong></span> <span class='ocrx_word' id='word_1_113' title='bbox 1054 2731 1399 2803; x_wconf 89' lang='lat' dir='ltr'><strong>postquam</strong></span> <span class='ocrx_word' id='word_1_114' title='bbox 1421 2729 1601 2780; x_wconf 82' lang='lat' dir='ltr'><strong>vates</strong></span> <span class='ocrx_word' id='word_1_115' title='bbox 1623 2714 1712 2778; x_wconf 91' lang='lat' dir='ltr'><strong>sic</strong></span> <span class='ocrx_word' id='word_1_116' title='bbox 1736 2736 1852 2778; x_wconf 90' lang='lat' dir='ltr'><strong>ore</strong></span> <span class='ocrx_word' id='word_1_117' title='bbox 1875 2714 2103 2778; x_wconf 84' lang='lat' dir='ltr'><strong>effatus</strong></span> <span class='ocrx_word' id='word_1_118' title='bbox 2123 2716 2330 2780; x_wconf 88' lang='lat' dir='ltr'><strong>amico</strong></span> <span class='ocrx_word' id='word_1_119' title='bbox 2355 2731 2452 2780; x_wconf 89' lang='lat' dir='ltr'><strong>est</strong></span> <span class='ocrx_word' id='word_1_120' title='bbox 2468 2763 2485 2794; x_wconf 92' lang='lat'>‚</span> 
     </span>
     <span class='ocr_line' id='line_1_17' title="bbox 773 2853 2460 2941; baseline 0.001 -23"><span class='ocrx_word' id='word_1_121' title='bbox 773 2859 967 2918; x_wconf 88' lang='lat' dir='ltr'><strong>Dona</strong></span> <span class='ocrx_word' id='word_1_122' title='bbox 999 2853 1233 2918; x_wconf 85' lang='lat' dir='ltr'><strong>dehinc</strong></span> <span class='ocrx_word' id='word_1_123' title='bbox 1262 2875 1422 2917; x_wconf 89' lang='lat' dir='ltr'><strong>auro</strong></span> <span class='ocrx_word' id='word_1_124' title='bbox 1452 2853 1673 2939; x_wconf 81' lang='lat' dir='ltr'><strong>gravia</strong></span> <span class='ocrx_word' id='word_1_125' title='bbox 1690 2899 1707 2930; x_wconf 92' lang='lat'><strong>,</strong></span> <span class='ocrx_word' id='word_1_126' title='bbox 1738 2869 2044 2939; x_wconf 89' lang='lat' dir='ltr'><strong>sectoque</strong></span> <span class='ocrx_word' id='word_1_127' title='bbox 2076 2854 2423 2941; x_wconf 87' lang='lat' dir='ltr'><strong>elephanto</strong></span> <span class='ocrx_word' id='word_1_128' title='bbox 2443 2904 2460 2936; x_wconf 88' lang='lat'>‚</span> 
     </span>
     <span class='ocr_line' id='line_1_18' title="bbox 769 2991 2238 3081; baseline -0.001 -23"><span class='ocrx_word' id='word_1_129' title='bbox 769 2997 1057 3081; x_wconf 89' lang='lat' dir='ltr'><strong>Imperat</strong></span> <span class='ocrx_word' id='word_1_130' title='bbox 1088 2991 1169 3057; x_wconf 90' lang='lat' dir='ltr'><strong>ad</strong></span> <span class='ocrx_word' id='word_1_131' title='bbox 1195 3015 1393 3058; x_wconf 83' lang='lat' dir='ltr'><strong>naves</strong></span> <span class='ocrx_word' id='word_1_132' title='bbox 1422 2993 1619 3071; x_wconf 88' lang='lat' dir='ltr'><strong>ferri,</strong></span> <span class='ocrx_word' id='word_1_133' title='bbox 1647 2991 1971 3077; x_wconf 88' lang='lat' dir='ltr'><strong>stipatque</strong></span> <span class='ocrx_word' id='word_1_134' title='bbox 2003 2991 2238 3056; x_wconf 89' lang='lat' dir='ltr'><strong>carinis</strong></span> 
     </span>
     <span class='ocr_line' id='line_1_19' title="bbox 768 3121 2255 3214; baseline 0 -22"><span class='ocrx_word' id='word_1_135' title='bbox 768 3121 1007 3214; x_wconf 72' lang='lat' dir='ltr'><strong>ingens</strong></span> <span class='ocrx_word' id='word_1_136' title='bbox 1035 3145 1376 3214; x_wconf 88' lang='lat' dir='ltr'><strong>argentum</strong></span> <span class='ocrx_word' id='word_1_137' title='bbox 1394 3177 1411 3206; x_wconf 90' lang='lat'><strong>,</strong></span> <span class='ocrx_word' id='word_1_138' title='bbox 1440 3129 1938 3214; x_wconf 80' lang='lat' dir='ltr'><strong>Dodonaeosque</strong></span> <span class='ocrx_word' id='word_1_139' title='bbox 1968 3127 2214 3192; x_wconf 87' lang='lat' dir='ltr'><strong>lebetas</strong></span> <span class='ocrx_word' id='word_1_140' title='bbox 2236 3177 2255 3208; x_wconf 90' lang='lat'><strong>,</strong></span> 
     </span>
     <span class='ocr_line' id='line_1_20' title="bbox 769 3265 2366 3352; baseline 0.001 -23"><span class='ocrx_word' id='word_1_141' title='bbox 769 3265 1069 3330; x_wconf 87' lang='lat' dir='ltr'><strong>Loricam</strong></span> <span class='ocrx_word' id='word_1_142' title='bbox 1099 3283 1461 3342; x_wconf 84' lang='lat' dir='ltr'><strong>consertam</strong></span> <span class='ocrx_word' id='word_1_143' title='bbox 1493 3267 1698 3330; x_wconf 86' lang='lat' dir='ltr'><strong>hamis</strong></span> <span class='ocrx_word' id='word_1_144' title='bbox 1727 3288 2018 3352; x_wconf 89' lang='lat' dir='ltr'><strong>auroque</strong></span> <span class='ocrx_word' id='word_1_145' title='bbox 2049 3267 2327 3331; x_wconf 88' lang='lat' dir='ltr'><strong>trilicem</strong></span> <span class='ocrx_word' id='word_1_146' title='bbox 2348 3316 2366 3346; x_wconf 88' lang='lat'>,</span> 
     </span>
    </p>

    <p class='ocr_par' dir='ltr' id='par_1_7' title="bbox 763 3404 2457 3766">
     <span class='ocr_line' id='line_1_21' title="bbox 771 3404 2457 3492; baseline 0.001 -25"><span class='ocrx_word' id='word_1_147' title='bbox 771 3405 854 3467; x_wconf 94' lang='lat' dir='ltr'><strong>Et</strong></span> <span class='ocrx_word' id='word_1_148' title='bbox 880 3426 1120 3470; x_wconf 90' lang='lat' dir='ltr'><strong>conum</strong></span> <span class='ocrx_word' id='word_1_149' title='bbox 1146 3404 1416 3492; x_wconf 90' lang='lat' dir='ltr'><strong>insignis</strong></span> <span class='ocrx_word' id='word_1_150' title='bbox 1446 3405 1640 3490; x_wconf 82' lang='lat' dir='ltr'><strong>galeae</strong></span> <span class='ocrx_word' id='word_1_151' title='bbox 1661 3453 1678 3484; x_wconf 90' lang='lat'>‚</span> <span class='ocrx_word' id='word_1_152' title='bbox 1706 3406 2056 3491; x_wconf 88' lang='lat' dir='ltr'><strong>cristasque</strong></span> <span class='ocrx_word' id='word_1_153' title='bbox 2092 3421 2420 3470; x_wconf 89' lang='lat' dir='ltr'><strong>comantes</strong></span> <span class='ocrx_word' id='word_1_154' title='bbox 2440 3454 2457 3483; x_wconf 90' lang='lat'><strong>,</strong></span> 
     </span>
     <span class='ocr_line' id='line_1_22' title="bbox 765 3543 2449 3631; baseline 0.002 -25"><span class='ocrx_word' id='word_1_155' title='bbox 765 3543 965 3606; x_wconf 80' lang='lat' dir='ltr'><strong>Arma</strong></span> <span class='ocrx_word' id='word_1_156' title='bbox 989 3544 1401 3630; x_wconf 86' lang='lat' dir='ltr'><strong>Neoptolemi</strong></span> <span class='ocrx_word' id='word_1_157' title='bbox 1418 3543 1494 3604; x_wconf 78' lang='lat'><strong>3⁵.</strong></span> <span class='ocrx_word' id='word_1_158' title='bbox 1527 3544 1696 3607; x_wconf 90' lang='lat' dir='ltr'><strong>Sunt</strong></span> <span class='ocrx_word' id='word_1_159' title='bbox 1727 3559 1794 3607; x_wconf 93' lang='lat' dir='ltr'><strong>et</strong></span> <span class='ocrx_word' id='word_1_160' title='bbox 1824 3566 1937 3607; x_wconf 92' lang='lat' dir='ltr'><strong>sua</strong></span> <span class='ocrx_word' id='word_1_161' title='bbox 1966 3543 2138 3607; x_wconf 90' lang='lat' dir='ltr'><strong>dona</strong></span> <span class='ocrx_word' id='word_1_162' title='bbox 2167 3547 2449 3631; x_wconf 90' lang='lat' dir='ltr'><strong>parenti.</strong></span> 
     </span>
     <span class='ocr_line' id='line_1_23' title="bbox 763 3678 1844 3766; baseline -0.001 -23"><span class='ocrx_word' id='word_1_163' title='bbox 763 3678 966 3744; x_wconf 82' lang='lat' dir='ltr'><strong>Addit</strong></span> <span class='ocrx_word' id='word_1_164' title='bbox 998 3701 1203 3766; x_wconf 89' lang='lat' dir='ltr'><strong>equos</strong></span> <span class='ocrx_word' id='word_1_165' title='bbox 1222 3727 1241 3760; x_wconf 89' lang='lat'><strong><em>,</em></strong></span> <span class='ocrx_word' id='word_1_166' title='bbox 1272 3681 1581 3766; x_wconf 85' lang='lat' dir='ltr'><strong>additque</strong></span> <span class='ocrx_word' id='word_1_167' title='bbox 1611 3680 1844 3744; x_wconf 81' lang='lat' dir='ltr'><strong>duces:</strong></span> 
     </span>
    </p>

    <p class='ocr_par' dir='ltr' id='par_1_8' title="bbox 762 3819 2426 3906">
     <span class='ocr_line' id='line_1_24' title="bbox 762 3819 2426 3906; baseline 0.002 -24"><span class='ocrx_word' id='word_1_168' title='bbox 762 3819 1128 3906; x_wconf 82' lang='lat' dir='ltr'><strong>Remigium</strong></span> <span class='ocrx_word' id='word_1_169' title='bbox 1152 3819 1445 3906; x_wconf 88' lang='lat' dir='ltr'><strong>supplet;</strong></span> <span class='ocrx_word' id='word_1_170' title='bbox 1474 3819 1686 3906; x_wconf 86' lang='lat' dir='ltr'><strong>socios</strong></span> <span class='ocrx_word' id='word_1_171' title='bbox 1710 3819 1900 3883; x_wconf 89' lang='lat' dir='ltr'><strong>simul</strong></span> <span class='ocrx_word' id='word_1_172' title='bbox 1922 3819 2188 3887; x_wconf 88' lang='lat' dir='ltr'><strong>instruit</strong></span> <span class='ocrx_word' id='word_1_173' title='bbox 2209 3823 2426 3888; x_wconf 89' lang='lat' dir='ltr'><strong>armis.</strong></span> 
     </span>
    </p>

    <p class='ocr_par' dir='ltr' id='par_1_9' title="bbox 772 3956 2063 4044">
     <span class='ocr_line' id='line_1_25' title="bbox 772 3956 2063 4044; baseline 0.002 -26"><span class='ocrx_word' id='word_1_174' title='bbox 772 3959 1027 4022; x_wconf 80' lang='lat' dir='ltr'><strong>Interea</strong></span> <span class='ocrx_word' id='word_1_175' title='bbox 1059 3956 1327 4022; x_wconf 80' lang='lat' dir='ltr'><strong>classem</strong></span> <span class='ocrx_word' id='word_1_176' title='bbox 1353 3958 1513 4022; x_wconf 82' lang='lat' dir='ltr'><strong>velis</strong></span> <span class='ocrx_word' id='word_1_177' title='bbox 1543 3972 1766 4044; x_wconf 88' lang='lat' dir='ltr'><strong>aptare</strong></span> <span class='ocrx_word' id='word_1_178' title='bbox 1785 3957 2063 4041; x_wconf 88' lang='lat' dir='ltr'><strong>jubebat</strong></span> 
     </span>
    </p>
   </div>
   <div class='ocr_carea' id='block_1_4' title="bbox 765 4091 2344 4181">
    <p class='ocr_par' dir='ltr' id='par_1_10' title="bbox 765 4091 2344 4181">
     <span class='ocr_line' id='line_1_26' title="bbox 765 4091 2344 4181; baseline 0.003 -25"><span class='ocrx_word' id='word_1_179' title='bbox 765 4091 1073 4159; x_wconf 80' lang='lat' dir='ltr'><strong>Anchises</strong></span> <span class='ocrx_word' id='word_1_180' title='bbox 1093 4143 1110 4171; x_wconf 85' lang='lat'>‚</span> <span class='ocrx_word' id='word_1_181' title='bbox 1144 4095 1329 4159; x_wconf 86' lang='lat' dir='ltr'><strong>fieret</strong></span> <span class='ocrx_word' id='word_1_182' title='bbox 1360 4111 1562 4163; x_wconf 85' lang='lat' dir='ltr'><strong>vento</strong></span> <span class='ocrx_word' id='word_1_183' title='bbox 1593 4117 1776 4159; x_wconf 91' lang='lat' dir='ltr'><strong>mora</strong></span> <span class='ocrx_word' id='word_1_184' title='bbox 1807 4117 1892 4157; x_wconf 92' lang='lat' dir='ltr'><strong>ne</strong></span> <span class='ocrx_word' id='word_1_185' title='bbox 1927 4119 2053 4181; x_wconf 86' lang='lat' dir='ltr'><strong>qua</strong></span> <span class='ocrx_word' id='word_1_186' title='bbox 2084 4096 2344 4161; x_wconf 83' lang='lat' dir='ltr'><strong>ferenti.</strong></span> 
     </span>
    </p>
   </div>
   <div class='ocr_carea' id='block_1_5' title="bbox 2637 453 2720 508">
    <p class='ocr_par' dir='ltr' id='par_1_11' title="bbox 2637 453 2720 508">
     <span class='ocr_line' id='line_1_27' title="bbox 2637 453 2720 508; baseline -0.012 -7"><span class='ocrx_word' id='word_1_187' title='bbox 2637 453 2720 508; x_wconf 71' lang='lat'><strong>⁴49·</strong></span> 
     </span>
    </p>
   </div>
   <div class='ocr_carea' id='block_1_6' title="bbox 2923 1697 2925 2274">
    <p class='ocr_par' dir='ltr' id='par_1_12' title="bbox 2923 1697 2925 2274">
     <span class='ocr_line' id='line_1_28' title="bbox 2923 1697 2925 2274; baseline 0 0"><span class='ocrx_word' id='word_1_188' title='bbox 2923 1697 2925 2274; x_wconf 95' lang='lat' dir='ltr'><strong> </strong></span> 
     </span>
    </p>
   </div>
   <div class='ocr_carea' id='block_1_7' title="bbox 2923 3803 2925 4388">
    <p class='ocr_par' dir='ltr' id='par_1_13' title="bbox 2923 3803 2925 4388">
     <span class='ocr_line' id='line_1_29' title="bbox 2923 3803 2925 4388; baseline 0 0"><span class='ocrx_word' id='word_1_189' title='bbox 2923 3803 2925 4388; x_wconf 95' lang='lat' dir='ltr'><strong> </strong></span> 
     </span>
    </p>
   </div>
  </div>
 </body>
</html>
