<?xml version="1.0" encoding="UTF-8"?>
<!DOCTYPE html PUBLIC "-//W3C//DTD XHTML 1.0 Transitional//EN"
    "http://www.w3.org/TR/xhtml1/DTD/xhtml1-transitional.dtd">
<html xmlns="http://www.w3.org/1999/xhtml" xml:lang="en" lang="en">
 <head>
  <title>
</title>
<meta http-equiv="Content-Type" content="text/html;charset=utf-8" />
  <meta name='ocr-system' content='tesseract 3.04.00' />
  <meta name='ocr-capabilities' content='ocr_page ocr_carea ocr_par ocr_line ocrx_word'/>
</head>
<body>
  <div class='ocr_page' id='page_1' title='image "./oeuvresdedelill02virggoog_0242.png"; bbox 0 0 3059 4809; ppageno 0'>
   <div class='ocr_carea' id='block_1_1' title="bbox 656 441 2630 652">
    <p class='ocr_par' dir='ltr' id='par_1_1' title="bbox 656 441 2630 652">
     <span class='ocr_line' id='line_1_1' title="bbox 660 441 2630 508; baseline 0.003 -7"><span class='ocrx_word' id='word_1_1' title='bbox 660 441 785 502; x_wconf 74' lang='lat'><strong>234</strong></span> <span class='ocrx_word' id='word_1_2' title='bbox 1157 441 1628 507; x_wconf 82' lang='lat' dir='ltr'><strong>AENEIDOS</strong></span> <span class='ocrx_word' id='word_1_3' title='bbox 1686 443 1984 507; x_wconf 85' lang='lat' dir='ltr'>LIBER</span> <span class='ocrx_word' id='word_1_4' title='bbox 2043 448 2185 508; x_wconf 90' lang='lat'>111.</span> <span class='ocrx_word' id='word_1_5' title='bbox 2439 444 2630 506; x_wconf 53' lang='lat'>23²9.-</span> 
     </span>
     <span class='ocr_line' id='line_1_2' title="bbox 656 563 2532 652; baseline 0.004 -26"><span class='ocrx_word' id='word_1_6' title='bbox 656 569 754 627; x_wconf 91' lang='lat' dir='ltr'><strong>Me</strong></span> <span class='ocrx_word' id='word_1_7' title='bbox 776 563 1015 629; x_wconf 88' lang='lat' dir='ltr'><strong>famulo</strong></span> <span class='ocrx_word' id='word_1_8' title='bbox 1040 565 1469 652; x_wconf 84' lang='lat' dir='ltr'><strong>famulamque</strong></span> <span class='ocrx_word' id='word_1_9' title='bbox 1492 567 1741 634; x_wconf 88' lang='lat' dir='ltr'><strong>Heleno</strong></span> <span class='ocrx_word' id='word_1_10' title='bbox 1767 570 2118 636; x_wconf 81' lang='lat' dir='ltr'><strong>transmisit</strong></span> <span class='ocrx_word' id='word_1_11' title='bbox 2136 571 2498 636; x_wconf 77' lang='lat' dir='ltr'><strong>habendam</strong></span> <span class='ocrx_word' id='word_1_12' title='bbox 2508 619 2532 650; x_wconf 31' lang='grc'><strong>,-</strong></span> 
     </span>
    </p>
   </div>
   <div class='ocr_carea' id='block_1_2' title="bbox 652 706 2476 2451">
    <p class='ocr_par' dir='ltr' id='par_1_2' title="bbox 652 706 2342 1213">
     <span class='ocr_line' id='line_1_3' title="bbox 656 706 2222 796; baseline 0.004 -28"><span class='ocrx_word' id='word_1_13' title='bbox 656 709 770 769; x_wconf 79' lang='lat' dir='ltr'><strong>Ast</strong></span> <span class='ocrx_word' id='word_1_14' title='bbox 792 706 973 771; x_wconf 87' lang='lat' dir='ltr'><strong>illum</strong></span> <span class='ocrx_word' id='word_1_15' title='bbox 989 754 1007 786; x_wconf 89' lang='lat'><strong>,</strong></span> <span class='ocrx_word' id='word_1_16' title='bbox 1036 724 1275 795; x_wconf 82' lang='lat' dir='ltr'><strong>ereptae</strong></span> <span class='ocrx_word' id='word_1_17' title='bbox 1295 731 1531 796; x_wconf 86' lang='lat' dir='ltr'><strong>magno</strong></span> <span class='ocrx_word' id='word_1_18' title='bbox 1555 709 1981 774; x_wconf 86' lang='lat' dir='ltr'><strong>inflammatus</strong></span> <span class='ocrx_word' id='word_1_19' title='bbox 2003 731 2222 776; x_wconf 89' lang='lat' dir='ltr'><strong>amore</strong></span> 
     </span>
     <span class='ocr_line' id='line_1_4' title="bbox 654 844 2286 932; baseline 0.002 -23"><span class='ocrx_word' id='word_1_20' title='bbox 654 847 965 932; x_wconf 87' lang='lat' dir='ltr'><strong>Conjugis</strong></span> <span class='ocrx_word' id='word_1_21' title='bbox 978 892 997 924; x_wconf 90' lang='lat'>‚</span> <span class='ocrx_word' id='word_1_22' title='bbox 1026 862 1094 909; x_wconf 90' lang='lat' dir='ltr'><strong>et</strong></span> <span class='ocrx_word' id='word_1_23' title='bbox 1112 844 1430 910; x_wconf 87' lang='lat' dir='ltr'><strong>scelerum</strong></span> <span class='ocrx_word' id='word_1_24' title='bbox 1452 846 1660 909; x_wconf 88' lang='lat' dir='ltr'><strong>Furiis</strong></span> <span class='ocrx_word' id='word_1_25' title='bbox 1682 847 1990 932; x_wconf 79' lang='lat' dir='ltr'><strong>agitatus,</strong></span> <span class='ocrx_word' id='word_1_26' title='bbox 2020 850 2286 922; x_wconf 81' lang='lat' dir='ltr'>Orestes</span> 
     </span>
     <span class='ocr_line' id='line_1_5' title="bbox 653 984 2342 1072; baseline 0 -24"><span class='ocrx_word' id='word_1_27' title='bbox 653 984 904 1072; x_wconf 85' lang='lat' dir='ltr'><strong>Excipit</strong></span> <span class='ocrx_word' id='word_1_28' title='bbox 926 985 1253 1049; x_wconf 90' lang='lat' dir='ltr'><strong>incautum</strong></span> <span class='ocrx_word' id='word_1_29' title='bbox 1269 1032 1288 1064; x_wconf 90' lang='lat'><strong>,</strong></span> <span class='ocrx_word' id='word_1_30' title='bbox 1313 985 1682 1072; x_wconf 88' lang='lat' dir='ltr'><strong>patriasque</strong></span> <span class='ocrx_word' id='word_1_31' title='bbox 1707 985 2054 1048; x_wconf 84' lang='lat' dir='ltr'><strong>obtruncat</strong></span> <span class='ocrx_word' id='word_1_32' title='bbox 2075 984 2159 1048; x_wconf 86' lang='lat' dir='ltr'><strong>ad</strong></span> <span class='ocrx_word' id='word_1_33' title='bbox 2179 1007 2342 1060; x_wconf 49' lang='lat' dir='ltr'><strong>aras2</strong></span> 
     </span>
     <span class='ocr_line' id='line_1_6' title="bbox 652 1126 2178 1213; baseline -0.001 -23"><span class='ocrx_word' id='word_1_34' title='bbox 652 1131 861 1192; x_wconf 89' lang='lat' dir='ltr'><strong>Morte</strong></span> <span class='ocrx_word' id='word_1_35' title='bbox 893 1128 1297 1213; x_wconf 79' lang='lat' dir='ltr'><strong>Neoptolemi</strong></span> <span class='ocrx_word' id='word_1_36' title='bbox 1326 1149 1680 1213; x_wconf 88' lang='lat' dir='ltr'><strong>regnorum</strong></span> <span class='ocrx_word' id='word_1_37' title='bbox 1710 1126 1961 1190; x_wconf 82' lang='lat' dir='ltr'><strong>reddita</strong></span> <span class='ocrx_word' id='word_1_38' title='bbox 1992 1126 2178 1190; x_wconf 66' lang='lat' dir='ltr'><strong>cessit</strong></span> 
     </span>
    </p>

    <p class='ocr_par' dir='ltr' id='par_1_3' title="bbox 652 1263 2444 1764">
     <span class='ocr_line' id='line_1_7' title="bbox 654 1263 2327 1364; baseline 0 -38"><span class='ocrx_word' id='word_1_39' title='bbox 654 1267 812 1326; x_wconf 88' lang='lat' dir='ltr'><strong>Pars</strong></span> <span class='ocrx_word' id='word_1_40' title='bbox 832 1264 1080 1328; x_wconf 89' lang='lat' dir='ltr'><strong>Heleno</strong></span> <span class='ocrx_word' id='word_1_41' title='bbox 1098 1312 1113 1341; x_wconf 87' lang='lat'><strong>,</strong></span> <span class='ocrx_word' id='word_1_42' title='bbox 1140 1265 1253 1350; x_wconf 89' lang='lat' dir='ltr'><strong>qui</strong></span> <span class='ocrx_word' id='word_1_43' title='bbox 1274 1263 1600 1328; x_wconf 88' lang='lat' dir='ltr'><strong>Chaonios</strong></span> <span class='ocrx_word' id='word_1_44' title='bbox 1621 1265 2009 1364; x_wconf 80' lang='lat' dir='ltr'><strong>cognomine</strong></span> <span class='ocrx_word' id='word_1_45' title='bbox 2032 1286 2291 1352; x_wconf 88' lang='lat' dir='ltr'><strong>campos</strong></span> <span class='ocrx_word' id='word_1_46' title='bbox 2310 1313 2327 1342; x_wconf 90' lang='lat'><strong>,</strong></span> 
     </span>
     <span class='ocr_line' id='line_1_8' title="bbox 654 1400 2294 1486; baseline 0.001 -23"><span class='ocrx_word' id='word_1_47' title='bbox 654 1400 1135 1486; x_wconf 84' lang='lat' dir='ltr'><strong>Chaoniamque</strong></span> <span class='ocrx_word' id='word_1_48' title='bbox 1158 1422 1420 1463; x_wconf 89' lang='lat' dir='ltr'><strong>omnem</strong></span> <span class='ocrx_word' id='word_1_49' title='bbox 1443 1401 1724 1485; x_wconf 89' lang='lat' dir='ltr'><strong>Trojano</strong></span> <span class='ocrx_word' id='word_1_50' title='bbox 1747 1424 1782 1464; x_wconf 87' lang='lat' dir='ltr'><strong>a</strong></span> <span class='ocrx_word' id='word_1_51' title='bbox 1809 1400 2074 1474; x_wconf 81' lang='lat' dir='ltr'><strong>Chaone</strong></span> <span class='ocrx_word' id='word_1_52' title='bbox 2097 1401 2258 1480; x_wconf 78' lang='lat' dir='ltr'><strong>dixit</strong></span> <span class='ocrx_word' id='word_1_53' title='bbox 2277 1428 2294 1478; x_wconf 75' lang='grc' dir='ltr'><strong>ς</strong></span> 
     </span>
     <span class='ocr_line' id='line_1_9' title="bbox 652 1539 2444 1626; baseline 0.001 -24"><span class='ocrx_word' id='word_1_54' title='bbox 652 1543 1091 1626; x_wconf 85' lang='lat' dir='ltr'><strong>Pergamaque</strong></span> <span class='ocrx_word' id='word_1_55' title='bbox 1106 1588 1123 1618; x_wconf 91' lang='lat'><strong><em>,</em></strong></span> <span class='ocrx_word' id='word_1_56' title='bbox 1146 1539 1534 1625; x_wconf 85' lang='lat' dir='ltr'><strong>Iliacamque</strong></span> <span class='ocrx_word' id='word_1_57' title='bbox 1547 1540 1721 1626; x_wconf 83' lang='lat' dir='ltr'><strong>jugis</strong></span> <span class='ocrx_word' id='word_1_58' title='bbox 1747 1540 1914 1604; x_wconf 88' lang='lat' dir='ltr'><strong>hanc</strong></span> <span class='ocrx_word' id='word_1_59' title='bbox 1937 1540 2180 1604; x_wconf 88' lang='lat' dir='ltr'><strong>addidit</strong></span> <span class='ocrx_word' id='word_1_60' title='bbox 2199 1562 2444 1612; x_wconf 43' lang='lat' dir='ltr'><strong>arcem..</strong></span> 
     </span>
     <span class='ocr_line' id='line_1_10' title="bbox 654 1677 2229 1764; baseline -0.001 -22"><span class='ocrx_word' id='word_1_61' title='bbox 654 1678 783 1742; x_wconf 89' lang='lat' dir='ltr'><strong>Sed</strong></span> <span class='ocrx_word' id='word_1_62' title='bbox 809 1677 931 1741; x_wconf 90' lang='lat' dir='ltr'><strong>tibi</strong></span> <span class='ocrx_word' id='word_1_63' title='bbox 957 1679 1069 1764; x_wconf 94' lang='lat' dir='ltr'><strong>qui</strong></span> <span class='ocrx_word' id='word_1_64' title='bbox 1093 1701 1351 1744; x_wconf 87' lang='lat' dir='ltr'><strong>cur-sum</strong></span> <span class='ocrx_word' id='word_1_65' title='bbox 1376 1679 1595 1756; x_wconf 79' lang='lat' dir='ltr'><strong>venti,</strong></span> <span class='ocrx_word' id='word_1_66' title='bbox 1624 1700 1768 1763; x_wconf 80' lang='lat' dir='ltr'><strong>quae</strong></span> <span class='ocrx_word' id='word_1_67' title='bbox 1792 1678 1920 1741; x_wconf 81' lang='lat' dir='ltr'><strong>fata</strong></span> <span class='ocrx_word' id='word_1_68' title='bbox 1946 1679 2229 1743; x_wconf 80' lang='lat' dir='ltr'><strong>dedere?</strong></span> 
     </span>
    </p>

    <p class='ocr_par' dir='ltr' id='par_1_4' title="bbox 653 1813 2476 2174">
     <span class='ocr_line' id='line_1_11' title="bbox 653 1813 2328 1901; baseline 0.001 -24"><span class='ocrx_word' id='word_1_69' title='bbox 653 1817 782 1877; x_wconf 80' lang='lat' dir='ltr'><strong>Aut</strong></span> <span class='ocrx_word' id='word_1_70' title='bbox 803 1814 1094 1898; x_wconf 88' lang='lat' dir='ltr'><strong>quisnam</strong></span> <span class='ocrx_word' id='word_1_71' title='bbox 1120 1815 1417 1901; x_wconf 85' lang='lat' dir='ltr'><strong>ignarum</strong></span> <span class='ocrx_word' id='word_1_72' title='bbox 1438 1815 1679 1878; x_wconf 86' lang='lat' dir='ltr'><strong>nostris</strong></span> <span class='ocrx_word' id='word_1_73' title='bbox 1701 1813 1860 1877; x_wconf 90' lang='lat' dir='ltr'><strong>deus</strong></span> <span class='ocrx_word' id='word_1_74' title='bbox 1879 1814 2131 1901; x_wconf 84' lang='lat' dir='ltr'><strong>appulit</strong></span> <span class='ocrx_word' id='word_1_75' title='bbox 2152 1815 2328 1878; x_wconf 75' lang='lat' dir='ltr'><strong>oris?</strong></span> 
     </span>
     <span class='ocr_line' id='line_1_12' title="bbox 656 1951 2476 2039; baseline 0 -26"><span class='ocrx_word' id='word_1_76' title='bbox 656 1951 832 2034; x_wconf 87' lang='lat' dir='ltr'><strong>Quid</strong></span> <span class='ocrx_word' id='word_1_77' title='bbox 853 1975 1017 2038; x_wconf 87' lang='lat' dir='ltr'><strong>puer</strong></span> <span class='ocrx_word' id='word_1_78' title='bbox 1042 1951 1343 2016; x_wconf 80' lang='lat' dir='ltr'><strong>Ascanius</strong></span> <span class='ocrx_word' id='word_1_79' title='bbox 1356 1952 1453 2016; x_wconf 75' lang='lat'><strong>2⁹?</strong></span> <span class='ocrx_word' id='word_1_80' title='bbox 1475 1967 1820 2039; x_wconf 86' lang='lat' dir='ltr'><strong>superatne</strong></span> <span class='ocrx_word' id='word_1_81' title='bbox 1840 1999 1858 2031; x_wconf 89' lang='lat'><strong>,</strong></span> <span class='ocrx_word' id='word_1_82' title='bbox 1889 1967 1954 2016; x_wconf 91' lang='lat' dir='ltr'><strong>et</strong></span> <span class='ocrx_word' id='word_1_83' title='bbox 1976 1953 2254 2017; x_wconf 83' lang='lat' dir='ltr'><strong>vescitur</strong></span> <span class='ocrx_word' id='word_1_84' title='bbox 2276 1974 2430 2016; x_wconf 87' lang='lat' dir='ltr'><strong>aura</strong></span> <span class='ocrx_word' id='word_1_85' title='bbox 2443 1953 2476 2013; x_wconf 72' lang='grc' dir='ltr'>Ρ</span> 
     </span>
     <span class='ocr_line' id='line_1_13' title="bbox 654 2087 1468 2174; baseline 0.002 -24"><span class='ocrx_word' id='word_1_86' title='bbox 654 2087 863 2169; x_wconf 89' lang='lat' dir='ltr'><strong>Quem</strong></span> <span class='ocrx_word' id='word_1_87' title='bbox 895 2087 1013 2151; x_wconf 86' lang='lat' dir='ltr'><strong>tibi</strong></span> <span class='ocrx_word' id='word_1_88' title='bbox 1032 2090 1167 2172; x_wconf 82' lang='lat' dir='ltr'><strong>jam</strong></span> <span class='ocrx_word' id='word_1_89' title='bbox 1196 2093 1468 2174; x_wconf 89' lang='lat' dir='ltr'><strong>Troja...</strong></span> 
     </span>
    </p>

    <p class='ocr_par' dir='ltr' id='par_1_5' title="bbox 652 2226 2313 2451">
     <span class='ocr_line' id='line_1_14' title="bbox 652 2226 2278 2314; baseline -0.001 -26"><span class='ocrx_word' id='word_1_90' title='bbox 652 2228 871 2310; x_wconf 89' lang='lat' dir='ltr'><strong>Ecqua</strong></span> <span class='ocrx_word' id='word_1_91' title='bbox 907 2241 1123 2292; x_wconf 88' lang='lat' dir='ltr'><strong>tamen</strong></span> <span class='ocrx_word' id='word_1_92' title='bbox 1146 2249 1353 2313; x_wconf 88' lang='lat' dir='ltr'><strong>puero</strong></span> <span class='ocrx_word' id='word_1_93' title='bbox 1382 2244 1479 2293; x_wconf 85' lang='lat' dir='ltr'><strong>est</strong></span> <span class='ocrx_word' id='word_1_94' title='bbox 1504 2230 1744 2292; x_wconf 82' lang='lat' dir='ltr'><strong>amissae</strong></span> <span class='ocrx_word' id='word_1_95' title='bbox 1771 2250 1925 2292; x_wconf 89' lang='lat' dir='ltr'><strong>cura</strong></span> <span class='ocrx_word' id='word_1_96' title='bbox 1954 2226 2278 2314; x_wconf 79' lang='lat' dir='ltr'><strong>parentis?</strong></span> 
     </span>
     <span class='ocr_line' id='line_1_15' title="bbox 652 2363 2313 2451; baseline -0.002 -22"><span class='ocrx_word' id='word_1_97' title='bbox 652 2365 899 2451; x_wconf 88' lang='lat' dir='ltr'><strong>Ecquid</strong></span> <span class='ocrx_word' id='word_1_98' title='bbox 921 2365 990 2429; x_wconf 85' lang='lat' dir='ltr'><strong>in</strong></span> <span class='ocrx_word' id='word_1_99' title='bbox 1012 2364 1343 2451; x_wconf 88' lang='lat' dir='ltr'><strong>antiquam</strong></span> <span class='ocrx_word' id='word_1_100' title='bbox 1364 2363 1673 2429; x_wconf 78' lang='lat' dir='ltr'><strong>virtutem</strong></span> <span class='ocrx_word' id='word_1_101' title='bbox 1697 2366 2074 2450; x_wconf 85' lang='lat' dir='ltr'><strong>animosque</strong></span> <span class='ocrx_word' id='word_1_102' title='bbox 2096 2363 2313 2429; x_wconf 81' lang='lat' dir='ltr'><strong>viriles</strong></span> 
     </span>
    </p>
   </div>
   <div class='ocr_carea' id='block_1_3' title="bbox 654 2503 2272 2590">
    <p class='ocr_par' dir='ltr' id='par_1_6' title="bbox 654 2503 2272 2590">
     <span class='ocr_line' id='line_1_16' title="bbox 654 2503 2272 2590; baseline -0.001 -22"><span class='ocrx_word' id='word_1_103' title='bbox 654 2507 736 2568; x_wconf 92' lang='lat' dir='ltr'><strong>Et</strong></span> <span class='ocrx_word' id='word_1_104' title='bbox 756 2519 941 2590; x_wconf 87' lang='lat' dir='ltr'><strong>pater</strong></span> <span class='ocrx_word' id='word_1_105' title='bbox 964 2508 1192 2567; x_wconf 88' lang='lat' dir='ltr'><strong>AEneas</strong></span> <span class='ocrx_word' id='word_1_106' title='bbox 1214 2517 1281 2566; x_wconf 90' lang='lat' dir='ltr'><strong>et</strong></span> <span class='ocrx_word' id='word_1_107' title='bbox 1302 2503 1656 2567; x_wconf 85' lang='lat' dir='ltr'><strong>avunculus</strong></span> <span class='ocrx_word' id='word_1_108' title='bbox 1678 2503 1910 2567; x_wconf 82' lang='lat' dir='ltr'><strong>excitat</strong></span> <span class='ocrx_word' id='word_1_109' title='bbox 1934 2503 2215 2566; x_wconf 73' lang='lat' dir='ltr'><strong>Hector?</strong></span> <span class='ocrx_word' id='word_1_110' title='bbox 2239 2529 2272 2566; x_wconf 71' lang='lat' dir='ltr'><strong>n.</strong></span> 
     </span>
    </p>
   </div>
   <div class='ocr_carea' id='block_1_4' title="bbox 568 2979 2476 4038">
    <p class='ocr_par' dir='ltr' id='par_1_7' title="bbox 651 2979 2302 3484">
     <span class='ocr_line' id='line_1_17' title="bbox 740 2979 2302 3070; baseline -0.003 -25"><span class='ocrx_word' id='word_1_111' title='bbox 740 2981 910 3045; x_wconf 88' lang='lat' dir='ltr'><strong>Talia</strong></span> <span class='ocrx_word' id='word_1_112' title='bbox 940 2981 1259 3060; x_wconf 82' lang='lat' dir='ltr'><strong>fundebat¹</strong></span> <span class='ocrx_word' id='word_1_113' title='bbox 1282 2983 1641 3070; x_wconf 82' lang='lat' dir='ltr'><strong>lacrymans</strong></span> <span class='ocrx_word' id='word_1_114' title='bbox 1657 3030 1675 3062; x_wconf 89' lang='lat'><strong>,</strong></span> <span class='ocrx_word' id='word_1_115' title='bbox 1705 2983 2065 3068; x_wconf 75' lang='lat' dir='ltr'><strong>longosque</strong></span> <span class='ocrx_word' id='word_1_116' title='bbox 2095 2979 2302 3043; x_wconf 89' lang='lat' dir='ltr'><strong>ciebat</strong></span> 
     </span>
     <span class='ocr_line' id='line_1_18' title="bbox 651 3117 2172 3197; baseline -0.003 -13"><span class='ocrx_word' id='word_1_117' title='bbox 651 3124 974 3184; x_wconf 87' lang='lat' dir='ltr'><strong>Incassum</strong></span> <span class='ocrx_word' id='word_1_118' title='bbox 996 3119 1221 3197; x_wconf 79' lang='lat' dir='ltr'><strong>fletus3</strong></span> <span class='ocrx_word' id='word_1_119' title='bbox 1250 3143 1395 3192; x_wconf 89' lang='lat' dir='ltr'><strong>cum</strong></span> <span class='ocrx_word' id='word_1_120' title='bbox 1419 3142 1555 3185; x_wconf 89' lang='lat' dir='ltr'><strong>sese</strong></span> <span class='ocrx_word' id='word_1_121' title='bbox 1579 3143 1616 3184; x_wconf 89' lang='lat' dir='ltr'><strong>a</strong></span> <span class='ocrx_word' id='word_1_122' title='bbox 1637 3119 1958 3183; x_wconf 88' lang='lat' dir='ltr'><strong>moenibus</strong></span> <span class='ocrx_word' id='word_1_123' title='bbox 1979 3117 2172 3180; x_wconf 90' lang='lat' dir='ltr'><strong>heros</strong></span> 
     </span>
     <span class='ocr_line' id='line_1_19' title="bbox 653 3253 2294 3334; baseline -0.003 -14"><span class='ocrx_word' id='word_1_124' title='bbox 653 3256 1007 3321; x_wconf 88' lang='lat' dir='ltr'><strong>Priamides</strong></span> <span class='ocrx_word' id='word_1_125' title='bbox 1029 3256 1246 3322; x_wconf 89' lang='lat' dir='ltr'><strong>multis</strong></span> <span class='ocrx_word' id='word_1_126' title='bbox 1269 3256 1553 3322; x_wconf 87' lang='lat' dir='ltr'><strong>Helenus</strong></span> <span class='ocrx_word' id='word_1_127' title='bbox 1577 3256 2034 3322; x_wconf 87' lang='lat' dir='ltr'><strong>comitantibus</strong></span> <span class='ocrx_word' id='word_1_128' title='bbox 2061 3253 2250 3316; x_wconf 81' lang='lat' dir='ltr'><strong>affert</strong></span> <span class='ocrx_word' id='word_1_129' title='bbox 2267 3298 2294 3334; x_wconf 32' lang='lat'><strong>‚-</strong></span> 
     </span>
     <span class='ocr_line' id='line_1_20' title="bbox 651 3372 2240 3484; baseline -0.006 -23"><span class='ocrx_word' id='word_1_130' title='bbox 651 3397 1085 3484; x_wconf 80' lang='lat' dir='ltr'><strong>Agnoscitque</strong></span> <span class='ocrx_word' id='word_1_131' title='bbox 1117 3418 1263 3460; x_wconf 89' lang='lat' dir='ltr'><strong>suos</strong></span> <span class='ocrx_word' id='word_1_132' title='bbox 1282 3447 1297 3475; x_wconf 89' lang='lat'><em>,</em></span> <span class='ocrx_word' id='word_1_133' title='bbox 1328 3395 1638 3479; x_wconf 81' lang='lat' dir='ltr'><strong>laetusque</strong></span> <span class='ocrx_word' id='word_1_134' title='bbox 1669 3393 1752 3457; x_wconf 88' lang='lat' dir='ltr'><strong>ad</strong></span> <span class='ocrx_word' id='word_1_135' title='bbox 1777 3372 2000 3456; x_wconf 86' lang='lat' dir='ltr'><strong>limina</strong></span> <span class='ocrx_word' id='word_1_136' title='bbox 2028 3389 2205 3454; x_wconf 90' lang='lat' dir='ltr'><strong>ducit</strong></span> <span class='ocrx_word' id='word_1_137' title='bbox 2223 3435 2240 3466; x_wconf 90' lang='lat'>,</span> 
     </span>
    </p>

    <p class='ocr_par' dir='ltr' id='par_1_8' title="bbox 568 3526 2476 4038">
     <span class='ocr_line' id='line_1_21' title="bbox 649 3526 2306 3619; baseline -0.007 -19"><span class='ocrx_word' id='word_1_138' title='bbox 649 3540 732 3601; x_wconf 90' lang='lat' dir='ltr'><strong>Et</strong></span> <span class='ocrx_word' id='word_1_139' title='bbox 753 3535 1027 3602; x_wconf 88' lang='lat' dir='ltr'><strong>multum</strong></span> <span class='ocrx_word' id='word_1_140' title='bbox 1049 3534 1361 3619; x_wconf 80' lang='lat' dir='ltr'><strong>lacrymas</strong></span> <span class='ocrx_word' id='word_1_141' title='bbox 1383 3531 1583 3597; x_wconf 84' lang='lat' dir='ltr'><strong>verba</strong></span> <span class='ocrx_word' id='word_1_142' title='bbox 1606 3531 1780 3595; x_wconf 90' lang='lat' dir='ltr'><strong>inter</strong></span> <span class='ocrx_word' id='word_1_143' title='bbox 1801 3529 2050 3616; x_wconf 87' lang='lat' dir='ltr'><strong>singula</strong></span> <span class='ocrx_word' id='word_1_144' title='bbox 2072 3526 2306 3591; x_wconf 83' lang='lat' dir='ltr'><strong>fundit.</strong></span> 
     </span>
     <span class='ocr_line' id='line_1_22' title="bbox 652 3664 2476 3769; baseline -0.006 -30"><span class='ocrx_word' id='word_1_145' title='bbox 652 3673 978 3752; x_wconf 89' lang='lat' dir='ltr'><strong>Procedo,</strong></span> <span class='ocrx_word' id='word_1_146' title='bbox 1006 3688 1071 3736; x_wconf 91' lang='lat' dir='ltr'><strong>et</strong></span> <span class='ocrx_word' id='word_1_147' title='bbox 1094 3694 1357 3759; x_wconf 84' lang='lat' dir='ltr'><strong>parvam</strong></span> <span class='ocrx_word' id='word_1_148' title='bbox 1385 3672 1677 3769; x_wconf 73' lang='lat' dir='ltr'><strong>Trojam,</strong></span> <span class='ocrx_word' id='word_1_149' title='bbox 1706 3667 2124 3752; x_wconf 88' lang='lat' dir='ltr'><strong>simulataque</strong></span> <span class='ocrx_word' id='word_1_150' title='bbox 2149 3664 2394 3752; x_wconf 86' lang='lat' dir='ltr'><strong>magnis</strong></span> <span class='ocrx_word' id='word_1_151' title='bbox 2410 3667 2476 3704; x_wconf 78' lang='lat'><strong>³⁰·</strong></span> 
     </span>
     <span class='ocr_line' id='line_1_23' title="bbox 568 3801 2414 3897; baseline -0.007 -21"><span class='ocrx_word' id='word_1_152' title='bbox 568 3881 579 3890; x_wconf 51' lang='grc'><em>,</em></span> <span class='ocrx_word' id='word_1_153' title='bbox 651 3816 961 3897; x_wconf 89' lang='lat' dir='ltr'><strong>Pergama</strong></span> <span class='ocrx_word' id='word_1_154' title='bbox 981 3858 998 3887; x_wconf 91' lang='lat'>,</span> <span class='ocrx_word' id='word_1_155' title='bbox 1028 3825 1092 3874; x_wconf 91' lang='lat' dir='ltr'><strong>et</strong></span> <span class='ocrx_word' id='word_1_156' title='bbox 1116 3823 1405 3872; x_wconf 89' lang='lat' dir='ltr'><strong>arentem</strong></span> <span class='ocrx_word' id='word_1_157' title='bbox 1428 3805 1672 3876; x_wconf 87' lang='lat' dir='ltr'><strong>Xanthi</strong></span> <span class='ocrx_word' id='word_1_158' title='bbox 1694 3803 2079 3891; x_wconf 85' lang='lat' dir='ltr'><strong>cognomine</strong></span> <span class='ocrx_word' id='word_1_159' title='bbox 2103 3802 2313 3866; x_wconf 85' lang='lat' dir='ltr'><strong>rivum</strong></span> <span class='ocrx_word' id='word_1_160' title='bbox 2331 3801 2378 3839; x_wconf 78' lang='lat'><strong>³¹</strong></span> <span class='ocrx_word' id='word_1_161' title='bbox 2393 3849 2414 3882; x_wconf 71' lang='lat' dir='ltr'>a</span> 
     </span>
     <span class='ocr_line' id='line_1_24' title="bbox 649 3943 2220 4038; baseline -0.009 -21"><span class='ocrx_word' id='word_1_162' title='bbox 649 3956 946 4038; x_wconf 79' lang='lat' dir='ltr'><strong>Agnosco</strong></span> <span class='ocrx_word' id='word_1_163' title='bbox 964 4000 981 4029; x_wconf 90' lang='lat'><strong>,</strong></span> <span class='ocrx_word' id='word_1_164' title='bbox 1010 3953 1327 4034; x_wconf 82' lang='lat' dir='ltr'><strong>Scaeaeque</strong></span> <span class='ocrx_word' id='word_1_165' title='bbox 1354 3948 1715 4034; x_wconf 90' lang='lat' dir='ltr'><strong>amplector</strong></span> <span class='ocrx_word' id='word_1_166' title='bbox 1746 3943 1964 4008; x_wconf 88' lang='lat' dir='ltr'><strong>limina</strong></span> <span class='ocrx_word' id='word_1_167' title='bbox 1993 3957 2220 4028; x_wconf 82' lang='lat' dir='ltr'><strong>portae.</strong></span> 
     </span>
    </p>
   </div>
   <div class='ocr_carea' id='block_1_5' title="bbox 654 4077 2254 4152">
    <p class='ocr_par' dir='ltr' id='par_1_9' title="bbox 654 4077 2254 4152">
     <span class='ocr_line' id='line_1_25' title="bbox 654 4077 2254 4152; baseline -0.009 0"><span class='ocrx_word' id='word_1_168' title='bbox 654 4092 921 4152; x_wconf 90' lang='lat' dir='ltr'><strong>Necnon</strong></span> <span class='ocrx_word' id='word_1_169' title='bbox 952 4102 1017 4152; x_wconf 88' lang='lat' dir='ltr'><strong>et</strong></span> <span class='ocrx_word' id='word_1_170' title='bbox 1045 4082 1276 4150; x_wconf 88' lang='lat' dir='ltr'><strong>Teucri</strong></span> <span class='ocrx_word' id='word_1_171' title='bbox 1304 4085 1473 4150; x_wconf 89' lang='lat' dir='ltr'><strong>socia</strong></span> <span class='ocrx_word' id='word_1_172' title='bbox 1500 4079 1690 4146; x_wconf 89' lang='lat' dir='ltr'><strong>simul</strong></span> <span class='ocrx_word' id='word_1_173' title='bbox 1723 4080 1881 4143; x_wconf 88' lang='lat' dir='ltr'><strong>urbe</strong></span> <span class='ocrx_word' id='word_1_174' title='bbox 1911 4077 2254 4140; x_wconf 83' lang='lat' dir='ltr'><strong>fruuntur:</strong></span> 
     </span>
    </p>
   </div>
  </div>
 </body>
</html>
