3059 4809
552 471 680 534 252
1026 471 1498 534 AENEIDOS
1557 471 1855 534 LIBER
1917 471 2057 532 Ill.
2349 465 2551 542 *1534-

554 600 847 683 Objectae
876 595 1038 660 salsa
1064 609 1367 682 spumant
1394 595 1734 682 aspergine
1767 609 1988 660 cautes
2017 595 2074 634 ⁴⁴
2106 618 2123 656 ε
2224 619 2236 626 ·

551 742 695 824 Ipse
719 735 879 798 latet
906 758 922 796 ε
959 732 1220 820 gemino
1254 731 1610 796 demittunt
1641 731 1902 795 brachia
1929 753 2121 795 muro

549 874 797 940 Turriti
822 873 1107 962 scopuli,
1141 872 1513 959 refugitque
1547 872 1630 936 ab
1661 871 1885 936 littore
1918 871 2257 959 templum.

558 1019 856 1100 Quatuor
884 1014 990 1079 hic
1011 1062 1028 1094 ,
1062 1014 1347 1103 primum
1376 1036 1572 1078 omen
1591 1060 1610 1092 ,
1646 1035 1849 1098 equos
1877 1012 1947 1076 in
1979 1010 2274 1098 gramine
2307 1009 2445 1076 vidi

555 1155 925 1221 Tondentes
956 1179 1265 1244 campum
1288 1155 1417 1220 late
1434 1202 1455 1236 ,
1492 1154 2043 1244 candore-nivali„

655 2066 735 2127 Et
757 2077 943 2150 pater
968 2064 1276 2128 Anchises
1307 2089 1324 2127 ε
1360 2093 1387 2122 α
1419 2063 1671 2128 Bellum
1691 2111 1710 2143 ‚
1738 2064 1779 2127 ὀ
1805 2079 1979 2128 terra
2001 2064 2252 2150 hospita
2269 2111 2298 2144 ‚.
2313 2081 2548 2153 portas
2573 2091 2590 2129 ε

566 2201 748 2267 Bello
780 2217 1116 2265 armantur
1146 2205 1337 2289 equi3
1372 2205 1620 2268 bellum
1650 2205 1786 2268 haec
1815 2219 2109 2268 armenta
2141 2205 2502 2269 minantur.

568 2341 698 2407 Sed
728 2355 945 2405 tamen
976 2340 1150 2405 idem
1184 2343 1343 2406 olim
1376 2366 1574 2407 curru
1605 2345 1950 2408 succedere
1985 2345 2148 2408 sueti

569 2481 1039 2568 Quadrupedes
1058 2529 1075 2556 ‚
1111 2497 1177 2545 et
1206 2483 1388 2546 frena
1405 2485 1568 2568 jugo
1604 2482 1953 2547 concordia
1983 2483 2155 2546 ferre
2184 2507 2200 2544 ε

572 2621 733 2706 Spes
764 2636 831 2684 et
858 2621 1031 2707 pacis
1050 2670 1067 2700 ,
1102 2651 1132 2680 n
1168 2621 1280 2684 ait.
1315 2626 1479 2685 Tum
1509 2621 1779 2684 numina
1808 2636 2026 2684 sancta
2056 2642 2406 2708 precamur

571 2759 848 2824 Palladis
878 2761 1213 2826 armisonae
1237 2809 1254 2839 ‚
1291 2784 1441 2846 quae-
1460 2763 1670 2849 prima
1703 2762 1951 2848 accepit
1983 2777 2288 2837 ovantc53

571 2901 652 2961 Et
680 2899 891 2986 capita
922 2914 1073 2964 ante
1104 2922 1244 2963 aras
1275 2899 1565 2986 Phrygio
1599 2899 1892 2964 velamur
1922 2900 2160 2962 amictu
2190 2923 2205 2960 ε

571 3038 1048 3125 Praeceptisque
1080 3039 1350 3116 Heleni,
1385 3038 1654 3103 dederat
1688 3063 1832 3127 quae
1855 3039 2162 3117 maxima,
2194 3037 2333 3100 rite

570 3176 816 3239 Junoni
847 3175 1095 3262 Argivae
1118 3179 1329 3260 jussos
1359 3177 1690 3241 adolemus
1719 3177 2030 3241 honores.

662 3730 847 3795 Haud
873 3754 1056 3796 mora
1079 3780 1095 3811 ,
1133 3735 1449 3799 continuo
1470 3784 1487 3814 ,
1526 3735 1832 3823 perfectis
1865 3737 2096 3802 ordine
2127 3735 2295 3805 votis
2316 3781 2349 3814 ,,,

571 3870 836 3936 Cornua
867 3872 1227 3939 velatarum
1260 3875 1664 3941 obvertimus
1695 3892 2172 3952 antennarum3

566 4008 1141 4096 Grajugenumque
1173 4012 1400 4078 domos
1420 4062 1438 4093 ‚
1475 4029 1902 4101 suspectaque
1935 4014 2298 4100 linquimus
2325 4034 2504 4078 arva.

570 4147 737 4211 Hinc
766 4149 941 4216 sinus
973 4151 1312 4232 Herculei,
1352 4154 1404 4217 si
1438 4175 1591 4217 vera
1620 4167 1718 4215 est
1749 4153 1914 4216 fama
1937 4198 1956 4230 ,
1993 4153 2256 4216 Tarenti
