3059 4809
723 471 845 533 100
1235 464 1703 529 AENEIDOS
1758 462 2051 525 LIBER
2108 461 2159 523 1.

713 602 875 661 Tros
902 598 988 681 Ty
996 594 1256 677 riusque
1283 590 1442 658 mihi
1467 587 1651 653 nullo
1683 586 2050 651 discrimine
2074 600 2326 672 agetur.

717 736 930 817 Atque
954 728 1199 794 utinam
1222 750 1334 791 rex
1357 728 1492 814 ipse
1520 729 1690 791 Noto
1718 722 2084 810 compulsus
2104 722 2334 787 eodem
2356 742 2391 818 ·“

717 870 970 936 Afforet
991 868 1252 931 AEneas!
1291 863 1609 950 Equidem
1638 885 1760 949 per
1785 862 2008 927 littora
2035 874 2247 925 certos

700 1008 1055 1072 Dimittam
1076 1054 1092 1084 ‚
1121 1021 1188 1070 et
1215 1006 1431 1091 Lihyae
1458 1003 1733 1068 lustrare
1764 1015 2045 1064 extrema
2068 998 2315 1083 jubebo
2335 1046 2353 1076 ‚

721 1147 792 1211 Si
823 1148 1056 1233 quibus
1089 1147 1330 1229 ejectus
1360 1143 1536 1208 silvis
1562 1156 1672 1205 aut
1703 1140 1971 1206 urbibus
2002 1151 2199 1203 errat.
2238 1166 2267 1195 »ι

812 2165 925 2229 His
949 2166 1233 2232 animum
1262 2168 1495 2231 arrecti
1517 2168 1705 2232 dictis
1721 2214 1739 2246 ,
1767 2182 1835 2231 et
1856 2165 2049 2239 fortis,
2063 2166 2331 2231 Achates
2346 2213 2367 2244 ,

723 2307 804 2367 Et
829 2319 1014 2391 pater
1044 2308 1272 2367 AEneas
1289 2350 1308 2382 ,
1328 2302 1707 2386 jamdudum
1738 2324 2080 2391 erumpere
2105 2303 2346 2367 nubem

721 2440 1077 2505 Ardebant.
1109 2440 1305 2505 Prior
1333 2425 1578 2504 AEnean
1610 2441 1957 2528 compellat
1986 2440 2296 2506 Achates:

729 2608 756 2639 α
788 2584 948 2644 Nate
971 2579 1090 2643 dea
1107 2626 1124 2657 ,
1153 2601 1296 2665 quae
1318 2601 1494 2644 nune
1519 2579 1736 2651 animo
1759 2579 2077 2643 sententia
2098 2578 2347 2665 surgit?

726 2720 964 2785 Omnia
989 2733 1127 2782 tuta
1154 2718 1363 2797 videS,
1392 2717 1654 2785 classem
1672 2765 1688 2791 ,
1716 2716 2052 2803 sociosque
2076 2730 2396 2802 receptos.

723 2862 903 2923 Unus
923 2858 1102 2921 abest
1115 2904 1134 2935 ,
1159 2856 1376 2921 medio
1397 2856 1467 2920 in
1489 2856 1691 2920 fluctu
1712 2876 1907 2940 quem
1929 2854 2205 2919 vidimus
2225 2854 2347 2940 ipsi

727 2994 1178 3057 Submersum:
1207 2990 1396 3055 dietis
1419 2990 1821 3077 respondent
1846 3004 2076 3053 caetera
2096 2990 2340 3053 matris.
2358 3018 2386 3047 ι»

725 3128 848 3194 vix
881 3150 956 3192 ea
987 3129 1319 3193 fatus-erat
1338 3174 1357 3206 ,
1385 3150 1532 3193 eum
1566 3126 1947 3192 circumfusa
1973 3140 2243 3213 repente

726 3268 978 3334 Scindit
999 3290 1067 3331 se
1087 3269 1294 3334 nubes
1308 3314 1325 3346 ,
1354 3284 1420 3332 et
1441 3267 1511 3332 in
1535 3267 1772 3332 aethera
1798 3280 2033 3353 purgat
2054 3280 2372 3352 apertum.

725 3407 986 3473 Restitit
1015 3409 1242 3472 AEneas
1259 3454 1276 3485 ,
1309 3407 1610 3492 claraque
1638 3407 1708 3471 in
1738 3405 1882 3479 luce
1910 3404 2161 3478 refulsit
2182 3450 2199 3479 ,

730 3549 825 3612 Os
849 3546 1280 3633 humerosque
1303 3546 1428 3611 deo
1452 3545 1709 3611 similis:
1734 3566 2013 3631 namque
2034 3544 2171 3630 ipsa
2192 3543 2495 3606 decoram

682 3680 687 3685 ’
725 3678 1064 3744 Caesariem
1086 3695 1242 3743 nato
1264 3678 1561 3766 genetrix
1579 3725 1595 3755 ‚
1621 3679 1973 3764 lumenque
1986 3679 2273 3763 juventae

725 3820 1137 3904 Purpureum
1159 3863 1176 3894 ,
1204 3830 1269 3880 et
1297 3816 1479 3881 laetos
1509 3817 1714 3883 oeulis
1745 3816 1989 3907 afflarat
2014 3816 2323 3881 honores·

728 3954 936 4038 Quale
958 3976 1184 4019 manus
1207 3937 1454 4019 uadunt
1476 3952 1663 4018 ebori
1684 3953 1877 4018 decus
1898 3978 1915 4027 ς
1942 3967 2053 4017 aut
2075 3952 2189 4017 ubi
2211 3950 2376 4015 flavo

726 4096 1089 4180 Argentum
1109 4141 1128 4174 ,
1166 4093 1470 4159 Pariusve
1498 4093 1661 4181 lapis
1678 4140 1696 4171 ‚
1727 4092 2165 4165 circumdatur
2195 4110 2379 4153 auro..

2500 476 2549 509 v.
2572 457 2673 518 578.
