3059 4809
692 446 813 509 160
1162 448 1631 513 AENEIDOS
1692 452 1982 514 LIBER
2038 456 2135 515 11.
2399 451 2408 463 ’
2491 463 2664 511 Μιοο.

682 554 1019 637 scandunt
1038 594 1259 637 rursus
1280 596 1519 660 equum
1538 623 1556 653 ,
1587 591 1654 640 et
1675 590 1830 640 nota
1853 578 2230 643 conduntur
2250 580 2320 645 in
2343 580 2518 648 alvo·

683 715 862 777 Heu!
900 712 1057 775 nihil
1084 698 1302 777 invitis
1328 713 1419 777 fas
1448 736 1836 800 quemquam
1867 716 2067 781 fidere
2095 717 2281 783 divis.

680 854 845 915 Ecce
876 851 1255 915 trahebatur
1284 852 1481 937 passis
1511 853 1830 917 Priameia
1858 855 2044 943 virgo
2065 854 2124 896 ²⁹

683 989 987 1053 Crinibus
1009 1012 1045 1053 a
1067 990 1313 1076 templo
1338 989 1697 1055 Cassandra
1717 990 2054 1079 adytisque
2079 993 2384 1059 Minervae
2404 1043 2422 1073 ,

679 1127 779 1191 Ad
808 1127 1041 1193 coelum
1068 1128 1343 1193 tendens
1368 1128 1664 1194 ardentia
1693 1129 1938 1194 lumina
1966 1131 2242 1210 frustra3

678 1266 981 1345 Lumina,
1008 1288 1166 1338 nam,
1182 1284 1437 1332 teneras
1456 1267 1768 1331 arcebant
1790 1268 2045 1333 vincula
2069 1269 2333 1356 palmas.

680 1564 826 1624 Non
850 1560 999 1624 tulit
1024 1559 1191 1623 hanc
1212 1558 1491 1645 speciem
1514 1558 1747 1623 furiata
1767 1533 1988 1625 mente
2011 1540 2328 1627 Coroebus
2347 1608 2366 1641 ,

679 1702 761 1763 Et
787 1721 921 1762 sese
954 1698 1235 1762 medium
1265 1697 1487 1781 injecit
1514 1697 1848 1782 periturus
1877 1698 1946 1761 in
1976 1718 2232 1783 agmen.

683 1836 1157 1921 Consequimur
1178 1835 1433 1912 cuncti,
1463 1848 1528 1898 et
1551 1833 1765 1897 densis
1785 1835 2174 1899 incurrimus
2195 1835 2410 1901 armis.

1861 1926 1888 1957 ἱ

680 2309 801 2373 Hic
832 2309 1111 2393 primum
1143 2327 1221 2367 ex
1250 2303 1382 2367 alto
1413 2302 1670 2367 delubri
1701 2303 1981 2368 culmine
2017 2304 2158 2367 telis

679 2450 1066 2510 Nostrorum
1090 2439 1453 2518 obruimur,
1480 2440 1820 2525 oriturque
1843 2440 2199 2503 miserrima
2222 2440 2424 2505 caedes
2439 2489 2458 2521 ‚

680 2586 1025 2646 Armorum
1052 2580 1214 2644 facie
1234 2594 1301 2644 et
1322 2578 1668 2645 Graiarum
1691 2600 1916 2642 errore
1938 2579 2268 2661 jubarum.

654 2710 657 2713 ⁴
678 2729 840 2788 Tum
862 2694 1102 2797 Danai,
1126 2718 1369 2805 gemitu
1392 2733 1590 2803 atque
1612 2730 1852 2801 ereptae
1875 2714 2144 2801 virginis
2165 2715 2258 2778 ira
2279 2763 2297 2794 ,

679 2864 979 2949 Undique
1006 2826 1261 2925 collecti
1282 2857 1628 2933 invadunt3
1661 2831 2011 2919 acerrimus
2033 2857 2192 2939 Ajax
2210 2904 2228 2934 ,

679 3005 761 3064 Et
786 2998 1024 3087 gemini
1046 2995 1282 3059 Atridae
1298 3041 1314 3072 ,
1342 2993 1803 3081 Dolopumque
1828 2993 2146 3057 exercitus
2168 2994 2413 3058 omnis:

679 3138 946 3205 Adversi
976 3151 1171 3223 rupto
1203 3155 1323 3198 ceu
1353 3132 1684 3220 quondam
1716 3131 1978 3195 turbine
2009 3132 2188 3196 venti

683 3278 1061 3364 Confligunt
1078 3323 1096 3354 ,
1122 3272 1614 3361 Zephyrusque,
1643 3274 1976 3357 Notusque
1992 3317 2011 3349 ,
2039 3285 2106 3334 et
2127 3270 2310 3336 laetus
2329 3272 2477 3337 Eois

681 3421 889 3481 Eurus
910 3414 1123 3500 equis3
1152 3410 1435 3476 stridunt
1456 3410 1628 3473 silvae
1647 3457 1664 3487 ,
1692 3409 1999 3494 saevitque
2023 3408 2293 3473 tridenti
2464 3380 2476 3392 ¹

682 3559 997 3641 Spumeus
1020 3565 1212 3637 atque
1233 3551 1364 3613 imo
1388 3551 1632 3611 Nereus
1655 3547 1781 3610 ciet
1803 3568 2059 3632 aequora
2083 3545 2310 3610 fundo.

679 3692 779 3755 Illi
811 3691 1001 3755 etiam
1017 3737 1036 3768 ,
1069 3689 1121 3752 si
1149 3710 1311 3775 quos
1338 3688 1609 3751 obscura
1641 3701 1835 3749 nocte
1865 3707 1986 3771 per
2015 3684 2312 3746 umbram

634 3886 641 3893 .
679 3830 980 3893 Fudimus
1004 3826 1282 3903 insidiis,
1314 3840 1578 3910 totaque
1605 3822 1980 3908 agitavimus
2016 3820 2211 3898 urbe,

679 3973 1045 4055 Apparent3
1072 3966 1267 4052 primi
1298 3963 1560 4050 clypeos
1589 3959 1989 4045 mentitaque
2023 3958 2149 4022 tela
2169 3958 2224 3997 ³⁰

679 4111 1084 4189 Agnoscunt,
1112 4118 1304 4188 atque
1329 4124 1442 4166 ora
1466 4122 1629 4164 sono
1654 4098 1972 4162 discordia
2001 4098 2279 4180 signant.
