3059 4809
705 466 784 527 92
1207 464 1677 528 AENEIDOS
1735 467 2030 529 LIBER
2088 468 2138 527 1.
2473 474 2645 529 '⁷497-

699 613 1006 678 Bellatrix
1023 661 1044 692 ‚
1076 612 1397 699 audetque
1419 612 1575 677 viris
1595 636 1987 678 concurrere
2010 615 2217 702 virgo.

789 845 938 905 flaec
957 838 1112 904 dum
1136 840 1463 904 Dardanio
1487 843 1699 905 AEneae
1722 840 2010 904 miranda
2028 840 2360 921 videntur,

699 980 870 1041 Dum
891 992 1109 1065 stupet
1125 1024 1143 1056 ,
1177 978 1543 1063 obtutuque
1565 977 1767 1042 haeret
1786 979 2030 1042 defixus
2052 980 2123 1043 in
2145 1002 2276 1044 uno
2298 1027 2315 1055 ‚

693 1115 940 1201 Regina
960 1114 1040 1179 ad
1063 1115 1373 1203 templum
1393 1163 1410 1196 ,
1439 1116 1647 1180 forma
1666 1116 2098 1205 pulcherrima
2115 1165 2134 1196 ,
2168 1118 2339 1183 Dido

693 1253 958 1317 Incessit
976 1300 996 1333 ‚
1023 1276 1252 1341 magna
1267 1257 1585 1339 juvenum
1607 1255 1885 1340 stipante
1906 1269 2183 1318 caterva.

661 1362 668 1367 .
695 1391 919 1475 Qualis
940 1392 1009 1456 in
1029 1393 1288 1457 Eurotae
1318 1393 1474 1481 ripis
1496 1440 1513 1471 ,
1548 1405 1662 1455 aut
1680 1414 1801 1477 per
1814 1392 1970 1477 juga
1998 1391 2278 1477 Cynthi,

688 1531 960 1593 Exercet
987 1530 1195 1594 Diana
1224 1530 1494 1605 choros;
1527 1549 1719 1615 quam
1748 1526 1923 1591 mille
1955 1530 2193 1591 secutae'

689 1665 856 1730 Hinc
884 1680 1080 1751 atque
1105 1666 1259 1731 hinc
1289 1667 1733 1769 glomerantur
1762 1664 2081 1741 Oreades;
2120 1666 2229 1732 illa
2257 1666 2621 1753 pharetram

688 1797 840 1857 Fert
868 1793 1141 1858 humero
1157 1840 1175 1871 ,
1211 1792 1637 1879 gradiensque
1668 1791 1819 1855 deas
1846 1792 2283 1879 supereminet
2312 1814 2578 1857 omnes:

687 1934 947 1994 Latonae
973 1930 1240 1995 tacitum
1267 1945 1649 2017 pertentant
1676 1930 1903 2017 gaudia
1933 1946 2184 2019 pectus,

687 2065 854 2129 Talis
882 2080 1021 2128 erat
1049 2067 1220 2130 Dido
1238 2114 1254 2141 ,
1290 2068 1485 2132 talem
1517 2090 1584 2132 se
1614 2068 1757 2132 laeta
1782 2068 2037 2131 ferebat

691 2204 820 2264 Per
853 2200 1129 2281 medioS,
1165 2201 1410 2265 instans
1438 2204 1622 2291 operi
1655 2204 2000 2291 regnisque
2021 2204 2275 2267 futuris.

690 2342 851 2402 Tum
877 2338 1124 2403 foribus
1153 2337 1315 2403 divae
1332 2386 1350 2419 ,
1385 2338 1594 2403 media
1620 2340 1937 2404 testudine
1969 2339 2227 2428 templi,

695 2477 890 2561 Septa
919 2476 1147 2556 armis,
1179 2476 1471 2565 solioque
1504 2477 1635 2541 alte
1658 2476 1928 2541 subnixa
1947 2523 1965 2555 ,
1992 2475 2253 2539 resedit.

690 2619 727 2678 J
732 2637 845 2678 ura
867 2614 1061 2680 dabat
1089 2614 1392 2703 legesque
1413 2616 1567 2680 viris
1581 2663 1599 2693 ,
1632 2635 2032 2706 operumque
2058 2613 2352 2677 laborem

692 2752 992 2818 Partibus
1020 2754 1312 2839 aequabat
1333 2753 1553 2837 justiS,
1585 2766 1698 2815 aut
1726 2767 1901 2816 sorte
1935 2751 2257 2818 trahebat.

783 3774 946 3840 Cum
967 3772 1183 3839 subito
1208 3776 1435 3841 AEneas
1463 3794 1780 3842 concursu
1804 3774 2108 3843 accedere
2137 3798 2371 3864 magno

691 3914 936 3978 Anthea
955 3962 972 3993 ,
1003 3915 1500 4001 Sergestumque
1524 3917 1731 3996 videt,
1764 3918 2129 4003 fortemque
2159 3916 2551 3981 Cloanthum
2575 3960 2599 3992 ‚2

692 4059 1211 4143 Teucrorumque
1239 4054 1431 4135 alios,
1467 4072 1605 4122 ater
1629 4080 1789 4143 quos
1816 4080 2076 4143 aequore
2108 4057 2309 4121 turbo·
