3059 4809
630 466 751 528 190
1108 464 1580 528 AENEIDOS
1640 466 1933 527 LIBER
1991 466 2092 528 11.
2374 464 2560 525 nne.

611 589 953 653 Ascanium
970 636 989 666 ‚
1019 589 1465 675 Anchisenque
1489 605 1740 676 patrem
1759 637 1778 667 ‚
1804 594 2214 676 Teucrosque
2236 594 2516 654 Penates
2534 637 2552 668 ,

616 724 1020 789 Commendo
1044 725 1233 789 sociis
1254 772 1272 803 ,
1305 740 1371 788 et
1403 747 1603 790 curva
1634 724 1799 790 valle
1831 724 2154 801 recond03

616 862 1010 952 Ipse'urbem
1034 879 1264 952 repeto
1288 911 1305 941 ‚
1334 879 1399 928 et
1421 864 1652 950 cingor
1676 863 2074 947 fulgentibus
2099 864 2316 927 armis.

616 1006 758 1069 Stat
780 1025 958 1066 casus
980 1025 1299 1068 renovare
1325 1026 1550 1068 omnes
1567 1051 1584 1081 ‚
1619 1024 2009 1087 omnemque
2032 1001 2279 1065 reverti

613 1147 744 1206 Per
766 1143 1021 1225 Trojam
1036 1187 1053 1219 ,
1082 1158 1147 1205 et
1174 1164 1395 1205 rursus
1420 1156 1614 1228 caput
1636 1141 1964 1224 objectare
1995 1139 2278 1226 periclis.

593 1282 950 1368 -Principio
972 1302 1195 1345 muros
1218 1282 1620 1366 obscuraque
1643 1279 1863 1343 limina
1885 1295 2094 1365 portae

618 1424 765 1504 Qua
786 1440 1072 1507 gressum
1097 1386 1453 1485 extuleram
1476 1433 1708 1505 repeto
1728 1443 1744 1494 ;
1775 1433 1841 1480 et
1864 1418 2133 1504 vestigia
2155 1435 2333 1483 retro

618 1559 980 1625 Observata
998 1581 1242 1645 sequor
1264 1580 1383 1645 per
1405 1550 1668 1621 noctem
1683 1604 1699 1634 ‚
1729 1558 1805 1619 et'
1818 1556 2063 1620 lumine
2088 1555 2292 1619 lustro
2313 1604 2329 1634 ‚

615 1702 869 1762 Horror
890 1698 1133 1785 ubique
1158 1699 1403 1763 animos
1418 1746 1435 1777 ,
1462 1697 1653 1761 simul
1681 1698 1816 1783 ipsa
1833 1696 2091 1761 silentia
2116 1712 2389 1761 terrent.

615 1834 775 1897 Inde
804 1834 1071 1898 domum
1091 1881 1108 1911 ‚
1136 1834 1188 1897 si
1216 1834 1387 1898 forte
1417 1834 1650 1921 pedem
1667 1878 1686 1910 ‚
1713 1833 1764 1895 si
1793 1833 1964 1897 forte
1997 1833 2246 1897 tulisset
2263 1882 2286 1909 ,

618 1975 719 2035 Me
742 1972 957 2037 refero
982 1998 997 2036 ε
1028 1974 1359 2039 irruerant
1382 1973 1629 2051 Danai,
1657 1986 1725 2035 et
1747 1987 1992 2035 tectum
2017 1992 2210 2035 omne
2233 1952 2575 2034 tenebant.

616 2108 804 2171 Ilicet
824 2108 990 2195 ignis
1014 2109 1173 2172 edax
1196 2132 1441 2173 summa
1464 2110 1545 2173 ad
1567 2108 1814 2195 fastigia
1838 2122 2039 2171 vento

622 2245 923 2310 Volvitur
943 2271 960 2323 ς
990 2261 1380 2335 exsuperant
1402 2247 1707 2324 flammae3
1737 2247 1893 2310 furit
1916 2262 2103 2311 aestus
2126 2246 2204 2310 ad
2227 2269 2433 2311 auras·

622 2384 920 2447 Procedo
943 2432 959 2462 ‚
988 2400 1054 2448 et
1088 2384 1327 2447 Priami
1356 2384 1541 2447 sedes
1571 2407 1915 2470 arcemque
1945 2385 2180 2449 reviso.

621 2525 703 2585 Et
724 2525 859 2606 jam
888 2523 1253 2609 porticibus
1276 2523 1492 2587 vacuis
1520 2525 1799 2589 Junonis
1828 2488 2008 2611 asylo

622 2660 939 2725 Custodes
960 2661 1114 2726 lecti
1135 2660 1408 2725 Phoenix
1431 2677 1497 2725 et
1520 2662 1699 2726 dirus
1723 2663 1983 2750 Ulysses

624 2802 915 2867 Praedam
937 2802 1385 2867 asservabant:
1415 2802 1542 2866 huc
1567 2802 1853 2889 undique
1879 2806 2064 2865 Troia
2090 2825 2244 2889 gaza

624 2941 907 3007 lucensis
934 2958 1158 3029 erepta
1188 2941 1397 3028 adytis
1420 2990 1436 3015 ,
1468 2964 1832 3029 mensaeque
1863 2942 2136 3007 deorum

630 3086 1055 3169 Crateresque
1084 3104 1246 3147 auro
1278 3084 1503 3159 solidi,
1541 3084 1922 3169 captivaque
1955 3086 2146 3149 vestis

632 3204 1063 3313 Congeritur:
1093 3226 1281 3314 pueri
1303 3242 1367 3289 et
1390 3226 1636 3312 pavidae
1658 3225 1858 3314 longo
1886 3226 2114 3292 ordine
2139 3245 2373 3293 matres

628 3368 819 3429 Stant
846 3364 1114 3428 circum.

624 3506 827 3567 Ausus
851 3502 1009 3589 quin
1035 3503 1224 3567 etiam
1248 3524 1437 3567 voces
1452 3505 1697 3586 jactare
1721 3526 1840 3591 per
1866 3507 2159 3569 umbram
2185 3553 2201 3583 ,

624 3640 896 3727 Implevi
923 3640 1204 3707 clamore
1227 3640 1359 3704 vias
1374 3687 1391 3716 ‚
1422 3656 1814 3729 moestusque
1838 3644 2145 3707 Creusam

628 3778 1067 3865 Nequicquam
1092 3778 1493 3865 ingeminans
1512 3827 1529 3858 ,
1564 3780 1932 3867 iterumque
1954 3782 2320 3867 iterumque
2351 3784 2603 3848 vocavi.

629 3917 963 4003 Quaerenti
990 3933 1054 3981 et
1077 3918 1264 3981 tectis
1288 3919 1466 3982 urbis
1495 3918 1632 3981 sine
1658 3918 1786 3981 fine
1811 3918 2053 3983 furenti

628 4058 857 4122 Infelix
888 4058 1295 4122 simulacrum
1326 4074 1519 4143 atque
1551 4057 1748 4143 ipsius
1782 4059 2008 4120 umbra
2044 4060 2303 4122 Cretisae
