3059 4809
732 440 848 500 186
1208 431 1675 495 AENEIDOS
1733 431 2033 492 LlBER
2096 430 2191 493 11.
2515 424 2679 487 ”⁶93⁴

723 557 924 622 Stella
951 557 1153 620 facem
1183 556 1426 619 ducens
1456 554 1661 618 multa
1683 576 1831 618 cum
1859 553 2001 617 luce
2029 552 2341 617 cucurrit.

720 695 902 757 Illam
922 742 939 773 ,
973 716 1218 758 summa
1243 714 1436 780 super
1463 692 1793 756 labentem
1820 690 2101 754 culmina
2133 690 2328 767 tecti,

722 832 1064 896 Cernimus
1092 832 1256 895 ldaea
1288 832 1524 896 claram
1557 854 1624 894 se
1656 830 1940 893 condere
1972 829 2130 893 silva
2151 876 2168 907 ,

720 969 1226 1057 signantemque
1250 971 1419 1035 vias:
1449 985 1589 1032 tum
1614 968 1811 1055 longo
1834 965 2037 1030 limite
2064 967 2277 1029 sulcus

719 1111 848 1170 Dat
869 1106 1080 1172 lucem
1097 1156 1115 1186 ,
1144 1124 1209 1173 et
1231 1108 1359 1172 late
1383 1108 1629 1173 circ-um
1652 1107 1795 1171 loca
1816 1106 2061 1171 sulfure
2086 1106 2361 1170 fumant.

720 1246 839 1310 Hic
871 1269 1028 1312 vero
1057 1247 1264 1311 victus
1294 1245 1555 1332 genitor
1585 1266 1651 1307 se
1683 1243 1855 1308 tollit
1884 1244 1965 1307 ad
1994 1266 2179 1308 auras
2202 1294 2217 1323 ,

718 1384 1097 1470 Affaturque
1126 1383 1283 1448 deos
1302 1431 1319 1462 ,
1348 1399 1415 1447 et
1441 1398 1733 1447 sanctum
1767 1383 1941 1447 sidus
1974 1384 2225 1447 adorat.

728 1552 755 1581 ει
785 1528 929 1585 Jam
943 1524 1078 1604 jam
1099 1520 1276 1584 nulla
1301 1544 1482 1585 mora
1507 1534 1604 1583 est
1630 1544 1645 1582 τ
1679 1542 1941 1607 sequor,
1971 1536 2036 1583 et
2052 1568 2068 1599 ,
2100 1543 2227 1607 qua
2249 1522 2476 1586 ducitis
2490 1569 2508 1600 ‚
2534 1520 2739 1583 adsum·

723 1663 810 1725 Di
838 1663 1070 1749 patrii,
1097 1678 1349 1727 servate
1381 1663 1647 1726 domum
1672 1709 1689 1741 ‚
1717 1677 1967 1725 servate
2000 1677 2348 1748 nepotemz

724 1808 1027 1869 Vestrum
1052 1807 1179 1870 hoc
1203 1807 1543 1893 augurium
1564 1853 1581 1883 ,
1608 1821 1957 1890 vestroque
1980 1804 2049 1867 in
2073 1804 2341 1868 numine
2364 1806 2547 1887 Troja
2566 1816 2671 1865 est.

723 1946 902 2011 Cedo
926 1945 1262 2032 equidem3
1291 1970 1413 2010 nec
1432 1994 1448 2025 ,
1475 1962 1625 2009 nate
1642 1994 1659 2024 ,
1692 1946 1811 2009 tibi
1834 1967 2049 2009 comes
2070 1944 2165 2008 ire
2193 1966 2442 2007 recuso.
2474 1973 2501 2001 n

724 2084 989 2148 Dixerat
1019 2084 1165 2159 ille;
1199 2099 1265 2147 et
1285 2086 1420 2168 jam
1447 2108 1569 2171 per
1599 2085 1836 2149 moenia
1866 2084 2102 2148 clarior
2131 2084 2296 2169 ignis

726 2222 1027 2303 Auditur,
1055 2225 1453 2311 propiusque
1489 2242 1677 2289 aestus
1706 2226 2006 2291 incendia
2034 2225 2334 2291 volvunt.

729 2391 759 2420 α
783 2365 954 2451 Ergo
979 2386 1096 2451 age
1117 2412 1134 2444 ‚
1161 2387 1306 2429 care
1333 2380 1543 2451 pater,
1572 2365 1808 2431 cervici
1830 2366 2167 2451 imponere
2191 2376 2463 2435 nostrae;

723 2507 868 2589 Ipse
894 2502 1128 2567 subibo
1151 2502 1433 2565 humeris
1453 2550 1470 2580 ,
1497 2526 1619 2566 nec
1644 2526 1747 2565 me
1770 2503 1955 2565 labor
1977 2499 2457 2587 istegravabit:

731 2648 880 2729 Quo
904 2666 1008 2707 res
1031 2664 1305 2729 cumque
1330 2644 1564 2707 cadent
1580 2692 1597 2722 ,
1628 2665 1829 2706 unum
1854 2655 1925 2705 et
1945 2660 2288 2704 commune
2310 2635 2638 2725 periclum,

728 2784 870 2847 Una
899 2780 1065 2844 salus
1093 2780 1408 2843 ambobus
1438 2780 1588 2843 erit.
1622 2780 1776 2842 Mihi
1804 2802 2042 2866 parvus
2073 2775 2248 2840 lulus

732 2919 832 2984 Sit
864 2940 1112 2993 comes;
1144 2933 1210 2981 et
1242 2917 1437 3003 longe
1471 2932 1688 2982 servet
1717 2916 1983 3003 vestigia
2018 2916 2260 2999 conjux
2276 2912 2359 2976 4³.

734 3061 862 3122 Vos
877 3104 894 3135 ,
920 3054 1173 3134 famuli,
1202 3078 1344 3142 quae
1367 3054 1577 3120 dicam
1600 3055 1829 3120 animis
1852 3053 2172 3120 advertite
2194 3051 2447 3117 vestris,

734 3200 845 3259 Est
867 3197 1029 3261 urbe
1052 3198 1320 3283 egressis
1342 3198 1628 3261 tumulus
1642 3246 1658 3277 ,
1687 3164 2133 3283 templumque
2157 3208 2485 3258 vetustum
2500 3191 2553 3227 ⁴⁴

735 3339 1022 3399 Desertae
1053 3335 1308 3399 Cereris
1327 3385 1344 3415 ,
1362 3338 1675 3421 juxtaque
1704 3336 1965 3422 antiqua
1998 3354 2338 3421 cupressus

737 3473 1076 3559 Religione
1104 3487 1363 3559 patrum
1394 3471 1634 3534 multos
1669 3486 1917 3536 servata
1942 3492 2063 3557 per
2096 3490 2338 3532 annos:

742 3618 923 3676 Hanc
950 3635 1027 3675 ex
1057 3611 1313 3676 diverso
1346 3610 1564 3675 sedern
1595 3610 1924 3675 veniemus
1953 3610 2023 3673 in
2054 3625 2273 3672 unam.

740 3757 835 3817 Tu
856 3797 873 3829 ‚
901 3751 1181 3837 genitor,
1207 3772 1364 3837 cape
1388 3772 1567 3813 sacra
1592 3772 1787 3813 manu
1803 3797 1819 3824 ‚
1846 3748 2222 3835 patriosque
2246 3750 2555 3809 Penates:

721 3897 843 3967 ,Me
864 3939 881 3971 ,
906 3890 1083 3955 bello
1117 3914 1152 3954 e
1179 3906 1361 3954 tanto
1396 3890 1751 3977 digressum
1782 3904 1848 3952 et
1880 3888 2049 3952 caede
2081 3886 2327 3950 recenti
2349 3934 2365 3963 ,

744 4037 1104 4096 Attrect.are
1136 4030 1312 4094 nefas
1333 4078 1349 4107 ‚
1376 4030 1585 4095 donec
1614 4055 1715 4093 me
1745 4028 2007 4092 flumine
2039 4026 2185 4091 vivo

747 4171 1056 4237 Abluer0.
1087 4201 1114 4230 n
